2834 4920
128 207 198 262 cm.
212 205 307 277 xvi]
450 208 504 265 nn
526 208 903 268 ιιιιιιιιιιιιιοιιι.
1166 200 1231 269 177

128 394 190 458 qne
206 372 315 440 eadem
331 393 424 441 mma
441 373 609 462 aequitatis,
628 375 661 443 id
678 382 736 452 eat,
754 374 883 442 rationis
897 397 969 461 qun
987 375 1052 442 acia
1068 385 1228 443 moverat:

127 472 179 537 Ita
203 470 410 552 interdictum,
435 477 523 541 anda
541 487 578 541 tu
593 497 643 541 mc
667 477 703 541 vi
722 477 874 559 decenis
898 477 1081 542 homicidae
1106 479 1230 544 coactis

125 572 314 648 armotieoe,
327 571 428 638 locum
439 573 557 639 habere
569 574 718 639 adversus
732 595 854 639 omnem
868 573 931 640 vim
948 596 1018 660 quae
1030 575 1072 640 ad
1088 582 1228 662 caputet

125 668 221 734 vitam
238 669 404 756 pertineat.
450 675 510 738 Ea
524 676 618 748 enim,
634 671 745 758 inquit,
754 674 995 760 pleramqucfit
1006 697 1069 760 per
1084 677 1226 743 horninee
1239 696 1288 749 cm
1298 698 1330 738 ι.

123 780 252 835 coactae
276 782 505 854 armatosque:
536 794 609 858 pnae
630 773 662 837 ei
683 773 751 837 alio
774 775 917 852 concilio,
941 776 1048 839 eodem
1074 776 1225 860 periculo

110 869 217 952 sacta
233 870 288 944 cit,
305 871 412 936 eodem
421 870 499 954 jure
515 892 581 937 cece
596 873 773 937 voluerunt.
825 873 863 936 in
884 871 1107 939 declamatione
1123 874 1223 960 patrie

125 965 308 1043 Quintiliani
324 968 500 1055 exemplum
516 969 576 1034 hoe
592 978 658 1036 eet:
678 973 789 1037 Coedce
803 973 933 1037 videtur
943 973 1130 1057 aipnificcre
1146 995 1221 1039 eun·
1235 988 1344 1029 »Νι

120 1068 251 1149 puincm
267 1078 298 1132 at
312 1069 469 1152 ferum:
494 1071 526 1135 ei
546 1071 620 1155 poia
636 1070 705 1135 alio
723 1092 836 1153 penore
851 1072 943 1136 homo
957 1073 1070 1154 suerit
1086 1075 1219 1149 ccciccc,

122 1166 170 1228 ad
184 1166 280 1230 iilam
294 1167 389 1252 lcpem
407 1180 609 1234 revertemur.
644 1170 688 1235 Si
702 1171 857 1235 inciderit
874 1171 910 1234 in
924 1169 1075 1247 latrones,
1094 1173 1171 1237 ¹oct
1184 1175 1221 1237 in

121 1285 228 1349 aquae
246 1267 488 1351 praepilatas,
511 1269 543 1333 ei
564 1269 602 1332 in
630 1269 776 1354 aliquam
800 1272 990 1334 immeritum
1012 1271 1221 1336 altitudinem

120 1362 259 1445 dq'ectue
272 1366 393 1449 fircrit,
420 1369 531 1432 ecdem
557 1367 622 1452 lepe
643 1368 867 1433 vindicabitur
888 1390 953 1453 quo
977 1369 1034 1434 ille
1050 1371 1109 1454 qui
1123 1371 1221 1454 ferro

116 1483 291 1547 peronem
319 1466 372 1530 cit.
426 1463 541 1530 Similia
568 1474 617 1531 eet
645 1465 874 1554 argumentatio
900 1464 971 1530 lami
1005 1466 1147 1532 oratione
1180 1467 1220 1533 de

119 1560 239 1647 Pyrrhi
260 1562 445 1640 hereditate,
471 1586 540 1630 cum
558 1586 598 1630 ex
615 1586 652 1631 eo
675 1565 759 1651 quod
783 1573 1002 1631 testamentum
1020 1564 1127 1631 Attica
1148 1565 1221 1654 lege

120 1657 250 1725 vetitum
267 1670 349 1727 essct
369 1660 437 1727 fieri
453 1662 517 1729 lilia
532 1662 641 1742 invita,
664 1662 769 1748 infert,
796 1685 836 1730 ne
852 1662 1050 1753 adoptionem
1075 1657 1219 1752 'quidem

120 1778 160 1823 ea
174 1757 271 1826 invita
288 1759 438 1848 permitti.

194 1858 284 1924 XXI.
325 1859 431 1947 Atque
446 1859 519 1927 hinc
535 1861 683 1929 solvenda
702 1871 751 1930 eet
772 1863 903 1931 celebria
921 1863 1130 1951 illaqueatio,
1148 1883 1219 1951 quae

119 1965 152 2022 et
176 1957 260 2043 apud
285 1958 418 2025 Gellium
439 1967 488 2026 cet
511 1961 551 2026 de
572 1962 729 2040 mandato,
750 1985 791 2030 an
812 1963 936 2053 impleri
956 1963 1052 2052 possit
1076 1985 1139 2029 non
1161 1985 1219 2050 per
1232 1972 1340 2015 ubi-¹²

117 2112 403 2175 Idemectmtepcnalia
411 2116 580 2176 quodnuptioe.
605 2116 645 2164 Sic
693 2118 1048 2179 redemquceoribere,niaicui
1063 2119 1130 2179 prim
1145 2120 1219 2168 liliam

117 2188 143 2233 in
153 2187 208 2248 lege
218 2203 262 2250 per
277 2190 371 2236 Morem
386 2190 444 2237 data
457 2191 502 2237 ιιι
517 2191 585 2237 bovis
599 2205 643 2238 ιο-
694 2189 720 2235 in
735 2191 911 2237 matrimonium
926 2192 1084 2248 collocaverit,
1090 2192 1162 2250 juxta
1171 2193 1219 2240 Le·

117 2264 182 2311 mine
208 2266 377 2326 intelliguntur
403 2267 483 2312 omnia
513 2267 645 2315 animanti·
693 2277 750 2323 gem
771 2266 875 2312 Athenin
900 2267 1064 2313 constitutam.
1094 2268 1219 2327 Deceptae

116 2346 253 2388 mansueta:
268 2343 313 2389 cub
323 2342 419 2388 nomine
429 2342 496 2402 putei
506 2342 642 2403 touque.
694 2342 731 2385 eat
738 2339 831 2385 Auctor
840 2340 872 2385 ab
887 2340 1024 2399 interprete
1037 2340 1124 2386 Latino
1139 2341 1218 2387 lateii.

115 2413 160 2470 via,
171 2415 248 2463 Exodi
261 2416 310 2462 xxi.
325 2418 364 2463 28.
379 2417 454 2463 etet.
486 2415 643 2463 consumam
693 2413 794 2471 deamo,
805 2414 846 2474 qui
856 2414 957 2460 ιπιταυ
949 2415 976 2459 ’τ
977 2415 1109 2468 cruc‚vertit
1120 2416 1146 2460 in
1139 2416 1219 2538 υιἰἱιι-

118 2487 328 2551 θαιοιοςοοὶονίο
336 2490 455 2536 mundtw.
466 2493 543 2551 purte,
552 2489 642 2537 conaid.
692 2502 745 2535 ram
766 2487 892 2550 [fiHmom]
914 2489 1032 2535 arbitrio.
1054 2488 1125 2536 etde

114 2563 152 2612 49
692 2562 787 2623 θιγατι
758 2562 845 2622 τέων,ρ
824 2562 1051 2622 mmoiiefilim
1065 2506 1219 2612 condimi-

162 2637 494 2687 ¹Ed1t100brecht1habet
510 2639 640 2687 Scocndo
691 2638 737 2684 tte.-
753 2638 887 2697 quumhmc
901 2637 1218 2697 significentnonstnoiun

114 2713 169 2759 rit
158 2727 184 2758 ιιι
193 2714 296 2760 latriam
305 2713 396 2762 auehe,
411 2714 640 2774 quodomninoree·
691 2713 805 2759 uxoribus
822 2713 900 2759 ductio
916 2714 948 2759 ab
962 2726 999 2770 eo,
1014 2713 1056 2773 qui
1071 2717 1217 2762 tentamento

114 2789 217 2836 tineent.
247 2790 315 2838 J.B.
691 2788 760 2834 hereo
775 2787 916 2834 instituitur.
946 2788 1017 2834 Adde
1030 2789 1084 2835 Viri
1098 2789 1217 2836 Eruditia

159 2862 171 2892 ¹
184 2863 263 2911 ιοοιι
280 2869 317 2912 eat
332 2879 389 2926 pag.
405 2867 458 2912 400.
473 2866 543 2913 Edit.
562 2864 638 2913 cht.
690 2862 743 2907 aimi
754 2861 807 2907 ιιι.
818 2861 934 2907 Perizonii
943 2862 1046 2908 Discert.
1059 2862 1215 2910 Triduum.

113 2938 156 2984 aad
167 2938 208 2984 ubi
218 2939 263 2985 hoc
273 2942 367 2986 tantum
378 2940 473 2996 dicitnr,
487 2940 584 2986 Patrem
597 2940 639 2999 qui
689 2950 719 2984 ιι.
730 2951 787 2997 pag.
797 2936 835 2992 60,
843 2942 866 2982 et
874 2951 937 2996 seqq.
947 2938 989 2983 ubi
999 2943 1064 2983 recte
1078 2938 1157 2983 locum
1173 2951 1216 2984 ex·

112 3012 177 3058 colae
188 3012 258 3072 eun,
273 3028 303 3059 ex
313 3013 381 3073 justo
397 3013 548 3060 matrimonio
563 3017 639 3071 natae,
689 3011 774 3072 ponit;
790 3015 819 3057 ιιι
826 3010 923 3055 dudum
937 3011 1054 3070 posthaec
1063 3010 1153 3070 scripta
1162 3010 1215 3056 ani-

111 3087 236 3148 relinquit,
250 3088 368 3136 neminem
383 3102 452 3149 pocae
462 3089 585 3149 adoptare,
595 3089 638 3134 he·
688 3084 814 3132 maduerit.
842 3083 870 3131 J.
883 3084 916 3129 B.
989 3132 997 3145 ⁰

111 3329 253 3395 interdici,
281 3331 357 3386 Unde
380 3341 410 3387 tu
435 3348 477 3386 me
504 3330 533 3386 oi
549 3331 668 3404 deycccia
689 3329 838 3385 hominibus
860 3327 955 3385 coactio
980 3325 1132 3389 ormoticce,
1156 3325 1214 3381 will

113 3414 183 3471 hold
199 3417 309 3487 against
325 3417 364 3472 all
381 3417 460 3473 force
481 3417 674 3488 endangering
691 3417 749 3480 life,
768 3414 876 3486 though
893 3414 974 3469 there
991 3429 1057 3484 may
1074 3412 1178 3467 nothe
1195 3429 1214 3469 a

112 3500 189 3573 body
207 3501 241 3557 oi
259 3503 357 3557 armed
376 3520 450 3558 men.
484 3502 523 3557 Aa
545 3502 644 3557 Cicero
662 3519 734 3574 eaye,
756 3500 806 3556 the
828 3500 902 3572 legal
921 3500 1004 3554 effect
1022 3498 1110 3552 iethe
1124 3514 1210 3553 came.

113 3586 152 3641 So
169 3587 324 3651 Quintilian
337 3605 408 3661 says,
425 3590 544 3643 Murdcr
557 3604 647 3643 scema
661 3593 691 3642 ιο
707 3587 795 3658 imply
809 3587 880 3641 eteel
898 3601 1027 3656 weapona
1041 3584 1097 3638 and
1112 3582 1213 3648 blocd;

111 3670 164 3726 but
178 3671 204 3725 if
215 3689 271 3744 any
286 3688 339 3729 ono
354 3676 377 3729 ie
391 3674 478 3729 killed
498 3675 527 3727 in
542 3690 597 3745 any
612 3672 694 3728 other
708 3690 777 3744 way,
791 3689 832 3726 we
846 3671 904 3726 atili
924 3686 1007 3725 recur
1020 3675 1050 3724 ιο
1065 3669 1129 3723 that
1142 3669 1211 3724 law:

110 3755 158 3811 for
168 3757 304 3823 instance,
315 3759 340 3812 ii
348 3759 397 3815 the
408 3777 474 3815 man
486 3760 522 3815 be
534 3758 643 3814 thrown
654 3757 729 3812 from
741 3775 758 3812 a
771 3757 919 3828 precipiee.
944 3756 982 3810 So
991 3754 1084 3818 istene,
1093 3754 1214 3810 because

110 3841 150 3912 by
163 3842 213 3897 the
226 3842 304 3898 Attio
318 3844 384 3899 Law
399 3863 418 3899 a
430 3849 583 3901 tentament
597 3843 681 3899 could
695 3848 745 3898 not
759 3843 795 3897 be
809 3842 892 3896 made
906 3838 957 3912 [by
970 3857 989 3894 a
1001 3838 1097 3894 father
1110 3839 1214 3911 hai-ing

110 3942 150 3980 no
166 3925 231 3995 aon]
244 3930 354 4000 against
369 3931 419 3985 the
436 3931 492 3984 will
504 3930 539 3985 ot
551 3946 570 3984 a
584 3928 732 4000 daughter,
748 3927 835 3983 intera
853 3926 916 3982 that
930 3942 967 3980 an
979 3925 1115 3998 adoption
1129 3924 1214 3981 could

110 4017 163 4067 not
174 4012 210 4068 be
223 4014 307 4069 made
320 4015 439 4071 without
452 4014 505 4071 her
516 4019 640 4070 consent.

167 4097 251 4154 XXI.
288 4098 354 4155 And
375 4117 414 4156 on
436 4099 516 4156 these
539 4098 690 4171 principles
712 4097 737 4153 ie
757 4104 787 4154 ιο
804 4097 842 4154 be
859 4096 954 4153 celred
971 4096 1035 4151 that
1052 4093 1213 4151 celebrated

110 4184 241 4252 question
258 4184 349 4239 which
367 4203 408 4241 we
425 4185 497 4241 have
518 4187 549 4238 in
568 4185 684 4248 Gellius,
700 4184 788 4239 about
805 4201 824 4237 a
840 4182 1031 4247 comminatum
1049 4180 1175 4236 whether
1188 4180 1212 4236 it

110 4282 176 4338 may
195 4268 231 4324 be
250 4270 380 4336 tultilled,
394 4277 445 4327 ιιοι
462 4271 500 4343 by
515 4270 564 4326 the
579 4268 713 4325 identical
727 4269 809 4340 thing
823 4267 957 4332 directed,
974 4267 1027 4321 but
1040 4265 1079 4337 by
1092 4264 1212 4320 another

110 4353 223 4428 equally
236 4355 331 4413 tactui
349 4373 383 4413 οι·
400 4373 479 4413 more
493 4355 588 4412 uaciul
601 4355 672 4413 than
690 4353 754 4411 that
771 4352 862 4410 which
881 4368 937 4409 waa
956 4351 1087 4423 enjoined
1101 4351 1138 4424 by
1152 4348 1213 4407 him

1067 4449 1111 4512 12

212 4500 330 4589 ιιι.
353 4500 408 4595 m
