2834 4920
83 253 152 309 cn.
165 249 247 321 1111]
523 251 576 305 nn
598 251 727 306 emme

255 415 403 473 Interdum
416 422 466 473 aut
479 418 586 474 loribus
599 418 694 475 rideas
707 418 856 490 flagrantia
870 420 974 476 cauus:

256 503 509 576 Quantuleeunque
523 504 595 560 adeo
610 511 653 560 eet
667 505 785 569 occasio,
797 505 898 560 sufficit
912 506 969 559 irre.

255 587 427 661 Chrysippus
441 606 499 644 non
514 589 588 644 dicet
602 589 687 655 idem,
701 607 753 645 nec
768 590 837 645 mite
852 590 978 646 Thaletis

253 673 412 744 Ingenium,
427 674 556 747 dulcique
570 690 656 731 sonex
668 675 775 729 vicinus
789 675 934 747 Hymetto,

255 759 311 823 Qui
324 765 435 832 partem
449 766 572 832 accepta
584 776 658 815 aare
671 761 746 815 inter
759 761 852 815 vincla
865 762 965 815 nautae

253 845 418 899 Accuntori
431 846 521 900 nollet
535 845 611 901 dare.
656 846 783 901 Plurima
796 845 865 901 felix

253 930 396 985 Paulatim
409 931 477 985 vitia
491 936 576 1003 atque
589 947 699 987 errores
713 931 790 987 exuit
805 947 910 997 omncs,

252 1015 351 1069 Prima
363 1015 447 1071 docet
461 1022 570 1072 rectum
583 1017 737 1088 rapientia:
762 1017 867 1089 quippe
881 1016 983 1071 minuti

255 1101 374 1173 Semper
387 1108 417 1156 et
430 1102 533 1157 inhrmi
547 1108 591 1157 est
604 1102 692 1157 animi
706 1102 854 1172 exigquue
867 1101 997 1174 voluptas

253 1185 350 1240 Ultio:
375 1187 509 1242 continuo
522 1187 562 1242 sio
576 1187 684 1258 colligo,
698 1187 775 1258 quod
789 1186 912 1241 vindicta

252 1267 363 1327 *Nemo
377 1273 465 1345 magio
479 1272 583 1344 gaudet
598 1288 682 1344 qnam
696 1271 810 1327 femina.

79 1367 200 1435 Eodem
214 1388 305 1434 sensu
321 1369 519 1436 Lactanhus:
540 1370 686 1455 imperiti
702 1381 732 1434 et
747 1369 936 1454 incipientes
947 1371 1109 1455 equando
1124 1391 1178 1435 ac·
1191 1385 1237 1427 nu
1245 1386 1272 1427 u
1281 1385 1311 1426 ιι

80 1469 208 1554 cipiunt
225 1468 384 1552 iujuriam
405 1491 487 1535 caco
508 1481 537 1534 et
560 1468 793 1533 irrationabili
803 1469 926 1553 furora
948 1469 1121 1544 ducuntur,
1147 1481 1178 1534 et

79 1568 125 1633 iia
139 1568 199 1651 qui
213 1567 279 1633 etti
293 1579 405 1632 nocent
420 1569 521 1633 οἰοοον
537 1567 711 1632 retribuere
727 1577 894 1630 conantur.

151 1668 173 1729 4
207 1663 321 1750 Liquet
343 1686 420 1753 ergo
435 1666 477 1731 ab
490 1663 614 1729 homine
628 1662 783 1728 hominem
799 1685 862 1728 non
882 1669 968 1728 recte
984 1661 1089 1750 puniri
1109 1671 1177 1730 tan-

79 1770 145 1828 tum
162 1762 310 1850 puniendi
326 1785 438 1829 musa:
455 1783 615 1853 querengo
628 1761 778 1828 utilitates
793 1769 910 1828 rectam
923 1761 1038 1828 iaciant
1053 1783 1177 1849 paenam

78 1861 247 1927 rideamus.

151 1960 209 2027 VI.
252 1962 272 2025 1
306 1959 448 2026 Pertinet
468 1965 573 2024 autem
596 1960 657 2026 huc
688 1981 851 2048 poenarum
874 1957 1011 2047 partitio,
1035 1981 1106 2046 quae
1128 1969 1178 2027 est

77 2058 163 2147 apud
180 2058 344 2124 Platonem
359 2057 486 2146 Gorgia,
504 2066 538 2124 et
554 2058 691 2124 Taurum
705 2059 921 2146 philosophum
936 2058 978 2123 ad
991 2080 1062 2125 eum
1076 2057 1177 2124 locum

78 2159 166 2246 cujus
186 2157 285 2223 verba
305 2157 424 2222 Gellius
445 2155 557 2221 recitet
576 2157 656 2223 libro
673 2178 717 2221 11.
736 2178 802 2244 cap.
820 2156 883 2221 xis.
902 2179 974 2221 nam
995 2156 1178 2244 partitiones

77 2255 147 2323 ista
163 2278 204 2322 ex
219 2255 281 2321 fine
297 2255 447 2322 dmumtae
468 2262 549 2331 sunt,
567 2255 626 2320 nisi
645 2256 729 2342 quod
745 2277 814 2320 cum
831 2254 909 2320 duos
925 2255 1002 2320 fines
1017 2256 1108 2321 Plato
1123 2278 1178 2342 po·

76 2355 198 2433 eniam,
224 2354 469 2420 emendationem
495 2361 528 2419 et
551 2354 737 2441 exemplum,
761 2351 888 2419 tertium
910 2352 1031 2418 addidit
1055 2355 1178 2419 Taurus

76 2456 262 2547 ’τιμωρὶαη
287 2475 380 2540 quam
399 2453 542 2518 Clemens
563 2450 791 2517 Alexandrinus
816 2450 933 2527 definit,
959 2453 1054 2519 κακοῦ
1076 2447 1176 2519 dura·
1190 2476 1326 2526 meatu

79 2547 215 2622 πὸδοσιν
243 2553 287 2624 eis
315 2549 358 2620 ri
384 2554 447 2620 τοῦ
477 2554 697 2643 τιμωροῦντος
723 2542 892 2645 συμφέρον
921 2544 1175 2644 ἀναφερομένην·

79 2654 162 2718 mali
186 2653 428 2718 retributionem
460 2673 531 2736 qua
555 2652 602 2715 aa
628 2651 785 2736 eriperetia
814 2650 993 2715 utilitatem
1026 2651 1176 2735 refertar.

78 2750 272 2827 Aristoteles,
298 2749 352 2837 qui
373 2748 484 2814 omissa
508 2770 599 2836 poena
615 2748 795 2836 exemplari,
821 2748 901 2813 hanc
921 2747 1019 2813 solum
1045 2749 1179 2836 speciem

78 2870 148 2915 cum
177 2848 392 2916 emendatione
418 2846 515 2935 ponit,
545 2847 686 2913 adhiberi
713 2869 782 2913 eam
807 2846 891 2923 dicit,
918 2849 978 2915 roi
1007 2850 1177 2923 ποιοῦντος
1191 2854 1329 2923 munia

78 3027 108 3075 de
127 3026 174 3073 Ira
193 3026 228 3072 sio
246 3024 368 3086 loquitur:
390 3025 452 3071 tarro
469 3038 518 3071 erre
536 3024 604 3070 ulcus
651 3023 711 3069 nori.
744 3021 817 3081 (Cap.
833 3021 855 3068 7.
870 3035 927 3082 pag.
943 3021 998 3069 tea.
1028 3022 1079 3070 Ed.
1101 3023 1177 3072 Vola.

77 3102 153 3148 animi
177 3100 320 3156 awa-num,
344 3099 503 3159 interdumque
517 3111 605 3158 perpe-
655 3096 742 3157 Gran.)

77 3172 605 3237 mrafflrudcniadafirtiuutwcieamlir
696 3169 858 3231 trineptem]
882 3170 940 3217 Tria
958 3170 1019 3227 haeo,
1042 3171 1178 3229 νουθεσίαν,

77 3252 176 3300 mauu
191 3255 330 3306 courum,
344 3248 372 3294 id
386 3253 514 3294 arramire
528 3261 604 3308 arau-
651 3246 782 3307 τιμωρίον,
799 3244 915 3302 κόλασιν,
930 3246 1128 3303 emendationem,
1141 3261 1179 3293 111.

77 3331 151 3375 mio
156 3325 288 3386 probabili,
300 3323 365 3385 quoa
374 3323 538 3370 iracundiam
548 3326 603 3369 runt
652 3322 819 3377 thiaodonom,
840 3321 985 3381 exemplum,
1007 3321 1078 3367 etiam
1101 3322 1179 3383 Chry.

78 3400 231 3449 &uoluitur
244 3398 360 3460 inquisti,
381 3401 403 3443 et
411 3397 512 3457 semina
527 3397 604 3442 mari·
653 3403 772 3444 1οο1ο1111111
788 3395 857 3456 ponit
870 3397 895 3441 in
907 3400 920 3442 1
930 3397 962 3442 sd
976 3396 1085 3444 Corinth.
1097 3399 1128 3445 xi.
1140 3401 1179 3449 82.

77 3477 128 3535 tur,
136 3471 510 3535 ajamihurenes‚etselicihtu
516 3485 603 3518 artern-
653 3472 917 3533 (Tom.111.pag.424‚
926 3473 980 3520 426.
1010 3471 1060 3519 Ed.
1073 3472 1164 3534 Savil.)

131 3724 148 3774 3
177 3719 206 3774 It
225 3719 249 3774 is
264 3718 407 3774 therefore
422 3723 554 3789 contrary
574 3722 605 3772 to
626 3716 675 3772 the
690 3723 754 3772 true
775 3722 876 3773 nature
892 3717 927 3772 oi
944 3734 1009 3773 man
1031 3719 1127 3791 acting
1140 3735 1179 3775 on

77 3820 153 3869 man,
167 3810 198 3859 to
212 3805 272 3859 flnd
286 3805 458 3859 nitefaction
474 3804 504 3857 in
515 3802 565 3858 the
578 3802 646 3874 pain
660 3802 693 3857 oi
704 3801 824 3857 another
838 3819 949 3874 perron,
962 3820 993 3858 as
1007 3804 1083 3876 pain.
1122 3805 1178 3860 See

75 3890 198 3945 Juvenal
212 3906 250 3944 on
264 3891 407 3961 Rerenge.
441 3885 675 3960 [Sut.x111.180.]
718 3889 757 3943 So
769 3888 941 3944 Lactantius.

134 3982 152 4029 4
178 3975 333 4031 Thoresore
350 3992 416 4029 man
430 3976 453 4030 is
467 3980 517 4029 not
531 3973 636 4045 rightly
650 3972 789 4044 punishod
802 3973 841 4043 by
855 3990 921 4028 man
936 3974 1043 4045 merely
1063 3974 1110 4030 ior
1127 3975 1178 4031 ths

76 4061 145 4116 sake
163 4060 199 4117 oi
218 4061 384 4133 punishing:
419 4061 460 4115 let
477 4077 509 4116 us
527 4075 574 4114 seo
592 4059 661 4114 then
678 4058 753 4113 what
770 4059 865 4131 utility
882 4059 978 4115 makes
995 4060 1178 4131 punishment

76 4146 162 4218 right.

134 4231 184 4285 v1.
225 4238 240 4286 l
266 4231 379 4287 Tathis
393 4230 502 4299 subject
516 4231 639 4301 pertains
651 4228 701 4285 the
717 4229 834 4284 division
848 4229 882 4284 oi
892 4228 1073 4300 punishment
1085 4231 1178 4287 stated

77 4317 106 4371 in
120 4317 227 4373 Plato’e
245 4318 372 4389 θονρίοο,
393 4316 450 4370 and
469 4316 578 4371 Taurus
596 4332 632 4371 on
651 4314 700 4369 the
719 4315 808 4387 place,
825 4331 856 4369 as
877 4313 981 4386 quoted
1000 4314 1037 4385 by
1053 4315 1176 4371 Gellius:

77 4402 168 4459 which
181 4401 334 4460 divisionis
346 4402 433 4459 taken
444 4401 518 4458 from
532 4401 582 4458 the
593 4400 648 4458 end
663 4401 697 4456 of
704 4400 902 4472 punishment3
913 4405 1014 4473 except
1025 4398 1088 4455 that
1096 4399 1178 4458 while

453 4518 668 4624 fl
