2834 4920
191 172 254 265 Μ
506 182 558 237 DE
580 181 838 239 LEGATIONUM
858 181 966 239 JURn.
1162 183 1234 252 [Lm.
1247 185 1285 240 11.

179 344 285 436 ‚magis
306 346 391 434 epud
406 345 552 425 inimicos,
576 346 754 434 presidium
769 346 866 413 hebet
886 346 967 432 juris
987 346 1136 436 gentium.
1184 348 1286 415 Cedu-

66 468 140 525 „an
187 446 361 513 centonibus
384 445 514 512 inbelle
531 468 638 534 pacem
655 467 723 512 esse
745 444 825 512 dixit
841 445 998 513 Diodorus
1018 447 1146 514 Siculus.
1190 450 1287 515 Laee-

33 562 145 604 emrt-
188 545 341 622 daemonii,
376 545 430 632 qui
459 547 625 611 Persarum
654 544 778 612 feciales
808 545 1040 626 interfecerant,
1074 568 1111 613 eo
1142 547 1287 614 dicuntur

60 636 67 650 ⁸
188 641 334 737 συγχέαι
359 643 404 712 ‘ro'
429 641 564 714 πάντων
579 641 759 738 ἀνθρώπων
784 640 912 726 νόμιμα,
938 648 1120 731 confudisse
1145 649 1288 713 omnium

25 611 60 655 1³1

188 747 353 810 hominum
369 746 466 829 juro.
506 747 546 811 Si
562 748 639 831 quie
665 747 806 830 lepotum
819 746 960 810 leontium
971 747 1149 830 pulsasset,
1174 760 1288 813 contro

180 846 239 928 joe
253 847 398 930 pontium
414 847 452 910 ιιι
468 847 672 911 cotnmiseum
687 867 751 910 cecc
768 847 984 921 existimatur,
1008 846 1089 929 quio
1105 848 1214 911 sancti
1230 848 1289 910 leo-

26 956 170 1052 wib-e
190 946 303 1009 dentur
329 946 438 1029 lopati,
463 943 564 1029 inquit
578 942 775 1030 Pomponius
818 944 861 1009 Et
877 941 1003 1009 Tacitus
1023 942 1082 1007 hoe
1102 943 1155 1029 jus
1171 943 1212 1008 de
1227 964 1289 1029 quo

25 1060 102 1101 onst
112 1060 141 1100 ⁴2
188 1042 309 1130 egimus
325 1051 425 1120 vocet,
443 1044 584 1109 hostium
591 1043 650 1127 jos
666 1055 696 1108 et
712 1064 812 1109 secra
830 1044 1002 1127 lopationie
1018 1055 1049 1108 et
1055 1045 1120 1128 foe
1134 1044 1289 1128 pontium.

26 1158 117 1209 cuae
191 1140 299 1207 Cicero
322 1141 425 1229 prime
440 1142 595 1209 Verrine:
621 1144 737 1208 Nonne
763 1143 862 1227 lopati
884 1144 970 1208 inter
988 1144 1092 1208 hoetee
1116 1144 1291 1209 incolomes

25 1253 71 1296 1⁴¹¹*
80 1255 136 1295 itt
190 1263 255 1307 eece
271 1242 412 1307 debent?
444 1242 563 1307 Seneca
577 1243 713 1308 deIrc:
747 1242 891 1308 Violocit
917 1243 1088 1327 lopationee
1103 1254 1200 1326 rupto
1215 1264 1290 1327 pers-

26 1352 146 1397 tem-¹⁷·
191 1342 274 1405 tium
294 1341 379 1424 jero.
420 1339 510 1406 Livio
536 1340 636 1406 eaedes
662 1348 795 1427 rupture
811 1340 863 1426 jus
888 1340 1037 1429 gentium,
1064 1340 1172 1416 scelus,
1198 1362 1292 1406 ceusu

27 1449 146 1490 susem
190 1439 334 1515 nefande,
358 1439 459 1505 cordes
475 1439 568 1526 impie
589 1438 711 1516 dicitur,
737 1440 769 1506 in
784 1439 916 1505 historie
936 1439 1121 1528 legatorum,
1144 1461 1221 1526 quos
1239 1440 1291 1505 Fi-

26 1552 72 1595 tm
81 1553 178 1593 xxm-³2
192 1538 320 1603 denutes
335 1538 520 1604 occiderant.
561 1540 605 1604 Et
620 1538 714 1604 elibi:
740 1541 875 1624 hepatis
890 1541 926 1604 in
936 1540 1119 1623 periculum
1137 1541 1292 1605 adductis

28 1646 141 1687 1¹⁵³st
191 1660 230 1703 ne
248 1638 323 1703 belli
339 1641 468 1721 quidem
483 1639 569 1722 jure
583 1640 702 1704 relicte
724 1651 827 1706 erem.
882 1638 1025 1705 Curtius:
1053 1640 1292 1704 Cadooeotoree

191 1739 249 1821 qui
266 1739 313 1800 od
324 1760 441 1821 pacem
457 1760 508 1803 eos
527 1739 748 1821 compellerent
764 1741 862 1813 mieit,
888 1759 966 1823 quoe
991 1739 1089 1822 Tyrii
1103 1750 1217 1803 contre
1232 1739 1292 1821 jus

188 1837 333 1919 pontium
359 1838 478 1902 oecieoe
504 1838 794 1920 precipitaverunt
820 1838 857 1900 in
887 1838 1001 1902 altem.
1052 1837 1168 1902 Merito
1194 1857 1289 1901 sene:

191 1955 263 1998 nam
281 1933 362 1998 etin
379 1934 459 2000 bello
476 1933 610 2022 plurime
624 1933 763 2001 incidunt
785 1934 920 2024 negotia,
938 1957 1008 2021 quee
1023 1933 1082 2001 nisi
1099 1957 1155 2023 per
1171 1935 1293 2023 legatos

192 2031 323 2120 transigi
340 2055 402 2098 non
419 2041 557 2120 possunt,
575 2040 609 2098 et
624 2031 692 2119 ipse
707 2054 769 2120 pax
786 2034 840 2100 vix
857 2043 905 2100 est
921 2044 957 2099 ut
972 2034 1065 2099 aliter
1082 2042 1180 2100 coint.

267 2133 341 2200 VII.
395 2132 481 2198 Solet
506 2141 539 2199 et
554 2131 630 2197 illud
648 2133 757 2218 quaeri,
779 2154 821 2198 en
842 2131 915 2219 jure
931 2133 1055 2200 talionis
1071 2132 1211 2209 interfici,
1237 2141 1293 2199 eut

191 2229 272 2295 mele
288 2230 419 2298 tracturi
443 2231 565 2320 legatus
580 2231 678 2317 poseit
693 2233 733 2298 eb
750 2255 787 2298 eo
805 2232 932 2299 veniens
948 2232 1002 2319 qui
1018 2234 1082 2299 tale
1099 2232 1174 2320 quid
1187 2241 1293 2320 petre·

191 2329 281 2398 verit.
332 2333 376 2395 Et
391 2341 464 2397 sunt
478 2330 602 2418 quidem
619 2329 744 2397 ultionis
760 2331 832 2398 telis
856 2331 1001 2418 exempla
1017 2332 1049 2397 in
1064 2331 1201 2398 historiis
1216 2331 1294 2397 setis

235 2505 333 2553 tNitii
352 2506 400 2553 inte
419 2505 603 2567 malefactum
625 2510 685 2553 esset
703 2519 721 2553 a
760 2505 901 2565 faciendum
924 2506 989 2567 quod
1011 2507 1060 2566 ipsi
1088 2507 1114 2553 in
1135 2506 1293 2568 Corthopini·

194 2581 441 2642 Carttoqiniensihus]
457 2582 578 2628 Diodorus
589 2581 683 2627 Siculus
695 2582 720 2626 in
767 2581 1014 2629 cneihuoccesercni.
1045 2582 1294 2643 (mamedune-

192 2657 312 2716 excerptis
338 2656 508 2702 Peireseisnis:
540 2656 651 2701 Σκιπίων
675 2657 720 2700 οὐκ
767 2654 832 2699 meni
847 2654 893 2713 ipsi
908 2653 1011 2714 legatos,
1024 2655 1075 2714 jem
1093 2661 1216 2715 comperto
1233 2654 1294 2703 Cer·

192 2730 721 2790 ἔφηδεῖνπράττεινὃτοῖςΚαρχηδονίοιο
768 2730 953 2788 theginiensium
963 2731 1036 2787 fecto,
1051 2731 1199 2779 dimiserunt.
1231 2733 1293 2779 Vide

193 2807 353 2868 ἐγκαλοῦσιν.
383 2806 458 2852 Dixit
468 2805 558 2865 Scipio,
573 2819 619 2851 non
633 2818 682 2851 esse
695 2804 723 2850 id
768 2805 916 2865 Appianum.
953 2804 1110 2852 Constantius
1132 2807 1253 2854 Titianum
1278 2821 1294 2853 n

194 3055 228 3110 of
239 3055 368 3110 Nutions.
404 3054 525 3111 Herelds
545 3055 601 3110 end
616 3056 791 3128 negotiatore
811 3072 860 3110 ere
880 3062 910 3111 nt
929 3071 1016 3128 peeoe
1030 3055 1061 3108 in
1075 3054 1125 3110 the
1139 3053 1244 3109 middle
1264 3055 1298 3109 oi

195 3159 259 3205 wer,
274 3159 336 3213 says
352 3142 501 3196 Diodorus.
547 3142 609 3197 The
623 3142 869 3197 Lecediemoniene
886 3141 948 3197 who
963 3149 1016 3213 put
1027 3147 1058 3196 ιο
1073 3140 1158 3195 death
1171 3140 1220 3196 the
1234 3158 1295 3194 em-

195 3226 341 3281 bnssedors
361 3227 394 3281 of
409 3226 459 3282 the
478 3227 616 3291 Persiens,
636 3245 684 3283 ere
700 3229 761 3283 snid
775 3228 894 3300 therehy
913 3233 943 3282 ιο
957 3228 1029 3283 heve
1044 3229 1149 3281 tirewn
1162 3227 1218 3280 into
1232 3245 1294 3281 con-

187 3313 287 3381 fusion
299 3313 339 3364 tie
350 3313 435 3382 riolos
449 3314 486 3381 os
493 3313 632 3367 mankind.
679 3314 717 3367 So
731 3314 912 3384 Pomponius,
925 3313 1047 3373 Tsoitus,
1060 3313 1166 3376 cicero,
1179 3312 1295 3375 Seneca,

195 3397 274 3466 Livy,
286 3396 407 3451 Curtius.
442 3393 509 3466 [See
521 3397 570 3451 the
584 3392 737 3468 passages]
761 3397 826 3451 And
838 3395 904 3450 with
916 3406 996 3468 great
1008 3413 1107 3451 reason
1114 3416 1122 3460 3
1140 3396 1186 3450 ior
1196 3397 1226 3448 in
1238 3414 1295 3450 wer

195 3498 281 3552 mnny
304 3481 395 3552 things
409 3481 523 3553 huppen
541 3481 632 3535 which
646 3487 751 3536 cannot
761 3481 798 3536 he
811 3481 972 3537 tmnseeted
987 3486 1086 3551 except
1100 3480 1138 3552 by
1152 3480 1294 3534 embesse-

196 3567 278 3630 dors;
296 3566 352 3621 und
366 3582 453 3638 peace
467 3566 546 3621 itseli
556 3584 609 3621 cen
623 3567 746 3638 scarcely
760 3567 797 3623 be
811 3567 938 3622 etteined
950 3568 979 3621 in
993 3583 1049 3637 eny
1060 3564 1143 3620 other
1156 3581 1224 3636 wey.

252 3652 317 3707 VII.
362 3653 390 3707 lt
409 3653 432 3708 is
448 3652 508 3708 eleo
522 3653 605 3708 mede
622 3670 640 3707 a
657 3654 786 3724 question
801 3651 927 3707 whether
944 3652 1045 3725 hythe
1060 3651 1114 3706 lew
1134 3650 1168 3705 oi
1182 3649 1295 3704 retelie·

195 3739 266 3803 tiou,
280 3755 317 3791 nn
331 3738 512 3793 embeseedor
525 3755 591 3811 may
609 3739 645 3794 he
666 3747 718 3811 put
735 3743 765 3794 to
783 3738 869 3794 death
888 3755 921 3793 or
938 3738 969 3792 ill
984 3737 1103 3801 treated,
1120 3735 1183 3789 who
1201 3752 1295 3790 eomes

195 3824 269 3878 irem
290 3841 308 3877 e
325 3840 428 3894 person
446 3824 508 3878 who
525 3824 578 3880 hae
595 3825 775 3896 perpetreted
798 3823 957 3896 something
979 3824 1011 3879 oi
1028 3823 1091 3878 thet
1109 3821 1186 3876 kind.
1231 3821 1297 3875 And

196 3910 332 3980 certainly
345 3910 426 3965 there
441 3927 489 3964 ere
504 3911 534 3964 in
547 3910 676 3966 histories
691 3927 775 3983 meny
789 3911 930 3984 exemplos
945 3910 977 3966 oi
988 3909 1058 3965 such
1071 3924 1201 3978 revenge.
1239 3908 1298 3962 But

196 3995 325 4050 histories
339 3995 428 4051 relate
445 4003 496 4050 not
513 3997 580 4068 only
599 3997 674 4052 whet
695 4013 750 4052 was
767 3996 872 4068 rightly
892 3996 975 4062 dene,
996 3996 1049 4052 but
1071 3995 1146 4049 what
1164 3993 1298 4064 wrongly,

196 4083 313 4152 ongum,
328 4082 522 4153 passioneteiy.
567 4083 629 4137 The
643 4084 708 4137 Lew
724 4082 757 4137 oi
767 4083 886 4138 Notions
901 4091 952 4137 not
964 4081 1031 4153 only
1042 4081 1173 4153 provides
1187 4079 1234 4133 ior
1248 4079 1297 4133 the

196 4167 305 4238 dignity
320 4167 353 4220 of
364 4167 412 4223 the
435 4169 551 4233 Sender,
568 4169 621 4223 but
635 4169 681 4223 for
699 4168 750 4225 the
769 4169 891 4240 security
906 4168 939 4224 oi
956 4167 1006 4223 the
1025 4169 1113 4231 Sent3
1134 4166 1191 4221 end
1203 4164 1298 4219 there·

196 4253 258 4307 fore
272 4253 353 4307 there
368 4254 391 4306 ie
407 4270 425 4307 a
439 4260 566 4309 contenet
578 4254 646 4309 with
661 4253 709 4310 the
724 4255 809 4309 letter
822 4255 889 4310 eleo.
936 4255 1051 4325 Wrong,
1063 4253 1215 4315 therefore,
1230 4251 1298 4305 isin

196 4338 266 4394 such
280 4356 343 4395 cnse
358 4339 432 4396 dene
450 4346 480 4397 ιο
497 4341 565 4407 him,
581 4339 690 4413 though
707 4357 783 4397 neue
796 4341 833 4396 be
847 4341 922 4396 dene
941 4346 972 4396 to
992 4339 1051 4394 him
1070 4339 1133 4394 who
1149 4342 1213 4394 sent
1227 4335 1296 4391 him.
