2834 4920
211 170 275 233 228
538 179 591 234 DE
613 179 712 236 JURE
736 180 986 238 SEPULTURAE.
1186 177 1259 248 [Lm.
1272 180 1312 236 11.

210 354 316 409 emtas
322 345 443 428 ficerat
460 354 630 421 certamen,
652 347 732 411 odia
748 350 857 411 vestra
873 345 926 411 acl
944 364 1031 412 mom
1047 346 1159 412 alima
1176 352 1316 432 compes·

211 456 287 508 cat:
303 444 376 527 jam
397 456 482 510 tacet
498 466 570 509 cum
586 466 648 531 qao
663 456 739 510 aatc
756 445 921 530 litipabae.

287 541 353 608 III.
397 544 415 607 1
452 535 574 620 ¹Quare
603 551 636 608 et
662 542 802 609 hostibus
827 541 957 629 publicis
986 541 1093 610 deberi
1120 543 1314 631 sepulturam

212 661 317 706 omnes
340 640 486 707 sentiunt.
530 640 611 706 Belli
627 640 686 707 hoc
704 641 758 727 jus
780 636 883 710 κοινὸν
905 637 940 709 ἑν
962 642 1034 711 τοῖς
1051 637 1205 724 πολέμοις
1222 651 1314 709 vocat

212 739 382 827 Appiam,
400 738 474 806 belli
490 739 672 806 commercia
686 740 785 807 Philo.
823 739 968 807 Tacitus:
995 744 1049 808 Nc
1064 744 1168 808 hostes
1184 744 1314 828 quidem

61 874 67 886 ·
123 920 128 930 Ι
212 839 413 924 sepulturam
435 841 591 905 invident.
644 838 706 904 Dio
724 839 966 927 chrysostomus
987 839 1109 906 servari
1130 839 1189 905 hoc
1201 840 1254 927 jus
1268 839 1314 906 ait

213 938 306 1002 etiam
321 932 357 1004 ἐν
371 937 443 1010 τοῖς
459 937 635 1015 πολεμίοις,
653 936 737 1024 apud
754 938 879 1005 hostes:
896 938 1003 1005 addit:
1022 934 1083 1026 κᾷν
1100 942 1144 1009 eis
1161 933 1316 1031 ἐσχάτην

211 1029 341 1128 ἔχθραν
362 1032 562 1128 προέλθωσι·
588 1038 719 1102 naemei
743 1039 791 1102 ad
808 1060 968 1103 summam
987 1040 1067 1104 odia
1087 1041 1313 1124 processerint.

115 1179 121 1192 .
160 1179 166 1191 .
211 1136 262 1198 De
279 1135 388 1200 eadem
402 1155 548 1223 reagens
565 1135 877 1201 Lucanushominum
894 1134 974 1202 ritus
990 1135 1023 1201 in
1037 1137 1127 1202 hoste
1144 1138 1315 1203 servandos

210 1232 299 1299 dixit.
347 1233 481 1320 Sopater
506 1233 589 1299 idem
620 1233 674 1321 qui
698 1255 813 1321 supra:
849 1237 899 1308 πὶς
926 1229 1069 1317 πόλεμος
1096 1230 1223 1312 ταύτης
1252 1238 1314 1317 πῆς

110 1398 114 1405 ,
210 1329 307 1413 τιμῆς
329 1327 374 1401 ‘ro'
396 1336 463 1400 τῶν
481 1327 665 1425 ἀνθρώπων
683 1329 781 1422 γένος
803 1328 976 1427 ἐστέρησε,
999 1336 1050 1404 ris
1076 1330 1184 1429 ἔχθρα
1204 1363 1316 1416 μνησι-

210 1427 383 1513 semicana
408 1427 490 1524 πρός
515 1430 561 1500 πᾶ
584 1427 858 1514 πλημμελήματα
884 1429 1163 1524 capacissimis
1188 1429 1316 1509 θεσμδν

211 1533 335 1599 τοῦτον
349 1527 532 1625 ἑνέσχιπο;
557 1534 652 1608 Quod
668 1533 785 1599 bellam
800 1534 860 1598 hcc
873 1533 989 1598 altimo
1004 1534 1121 1598 honore
1135 1534 1315 1597 humanum

204 1632 358 1716 privavit
372 1631 500 1717 penses?
525 1653 597 1716 qua
613 1631 794 1696 inimicitia
814 1652 947 1715 eousque
967 1633 1109 1697 extendit
1126 1633 1314 1717 malefacto·

210 1751 286 1794 sam
309 1731 507 1804 memoriam,
531 1741 568 1793 ut
588 1730 675 1793 isaac
696 1731 793 1813 leycm
811 1731 936 1796 violare
959 1731 1120 1796 caderet?
1170 1731 1202 1795 Is
1220 1751 1313 1816 quem

45 1839 168 1889 rar-seo·
211 1827 276 1891 dixi
302 1826 363 1891 Dio
390 1827 634 1914 Chrysostomus
659 1826 801 1892 oratione
826 1826 867 1892 de
889 1827 980 1916 lege:
1015 1819 1066 1897 <ini
1089 1832 1212 1898 τοῦτον
1237 1824 1314 1901 rods

210 1920 439 1997 draconiorum
464 1916 564 1997 οὐδεὶς
590 1918 642 1992 ἔτι
665 1930 762 2018 κρίνει
788 1931 970 2007 πολεμιους,
995 1920 1069 1995 eiii
1099 1923 1165 2009 πιὶν
1186 1921 1314 2022 ’ἔχθραν

210 2099 337 2160 reperitur.
361 2098 443 2146 Habet
452 2098 547 2146 Auctor
556 2112 586 2145 ex
596 2097 735 2146 Annnnico
789 2096 915 2160 Ejusmodi
924 2099 1014 2162 lepida,
1024 2104 1053 2149 ut
1062 2102 1097 2148 ita
1107 2101 1192 2158 dicum
1201 2099 1314 2161 παρορά-

211 2175 332 2230 Gaurum,
342 2172 382 2220 De
389 2173 451 2219 lure
457 2172 530 2230 Belli,
537 2173 590 2219 Lib.
602 2186 630 2220 ιι.
639 2187 691 2233 esp·
698 2175 736 2219 24.
787 2192 867 2233 ματα,
877 2174 948 2235 plura
961 2177 1025 2223 forte
1040 2176 1280 2238 deprehenderemus,
1293 2175 1314 2221 si

209 2263 266 2309 pag.
276 2249 328 2298 459.
339 2248 410 2296 Edit.
417 2247 513 2295 Hassoe.
520 2247 737 2307 ubilocusplenius
787 2262 882 2310 semper
890 2251 999 2311 indagari
1008 2253 1051 2298 snt
1060 2264 1112 2297 sese
1121 2250 1208 2297 offerre
1216 2252 1315 2310 possent

209 2325 325 2382 adfertur,
350 2328 473 2383 tamquam
502 2337 532 2369 ex
553 2335 592 2370 ¹11.
613 2322 684 2370 atet.
703 2321 738 2368 ad
787 2322 850 2378 locs,
858 2323 1171 2371 nbicabilsestcitstionum
1180 2337 1314 2384 parmenus

208 2400 359 2460 Harenaqni
365 2399 737 2458 liber‚utipsepostenobservat,
787 2397 819 2443 ab
838 2410 887 2444 nno
906 2397 969 2445 libro
985 2399 1011 2444 in
1028 2398 1101 2445 olium
1117 2403 1314 2459 propagatarum.

209 2491 268 2537 pag.
285 2479 338 2523 531.
357 2489 405 2522 non
424 2477 462 2520 est
478 2473 609 2529 Ciceronis,
620 2472 641 2518 si
652 2471 737 2531 virgi·
788 2468 815 2516 J.
827 2469 859 2516 B.

209 2554 273 2600 limm
285 2552 367 2598 habet.
398 2550 458 2595 Post
471 2549 573 2607 primam
592 2546 736 2602 Editionem,
832 2542 839 2576 ¹
856 2544 938 2603 Quare
957 2547 980 2589 et
999 2544 1103 2591 testibus
1114 2544 1219 2603 publicis
1234 2544 1317 2591 deteri

209 2641 267 2673 cnsu
277 2625 349 2671 incidi
358 2624 383 2668 in
394 2623 486 2668 iontem
502 2620 596 2666 erroris.
628 2619 737 2678 Scriptor
787 2617 932 2677 sepulturam
957 2632 1035 2663 omnes
1056 2617 1167 2677 sentiunt]
1192 2618 1263 2664 Philo
1288 2620 1313 2664 in

209 2695 445 2758 Neapolitanus,Ant.
453 2692 736 2749 Setnmtnafflmumm,
787 2689 917 2737 Flaccum:
934 2691 978 2747 ἤδη
992 2692 1018 2737 δὲ
1029 2693 1071 2738 καὶ
1080 2694 1140 2739 ποῦς
1150 2693 1276 2739 πεσόντας
1287 2694 1313 2739 ἐν

209 2776 264 2822 Lib.
274 2786 315 2820 111.
325 2772 365 2818 De
375 2771 460 2825 Poeta,
469 2781 526 2829 pag.
536 2768 590 2815 207.
601 2765 649 2812 Ed
660 2765 735 2813 Vmet.
786 2765 826 2826 'rqi
835 2764 939 2825 πολέμῳ
954 2767 1006 2811 πῖον
1020 2765 1116 2826 ἐχθρῶν
1131 2767 1217 2825 ταφῆς
1230 2765 1316 2826 ἀξιοῦ·

127 2880 132 2891 .
209 2850 276 2898 1659.
284 2848 365 2894 adlato
376 2841 645 2905 virgiliiversomtstim
654 2841 735 2888 denno
788 2856 837 2899 σιν,
848 2839 869 2886 oi
886 2841 931 2899 μὲν
945 2840 1064 2887 ἐπιεικεῖς
1078 2843 1120 2888 καὶ
1136 2840 1313 2900 φιλάνθρωποι

209 2923 320 2984 subjicite
353 2920 446 2981 Quippe
467 2917 553 2979 quibus
571 2922 619 2964 tum
638 2916 735 2974 accidit,
787 2920 846 2961 ταῖς
855 2914 1085 2971 οἴκοθινδατάναις,
1095 2915 1117 2962 oi
1127 2916 1153 2962 di
1163 2916 1210 2969 πιίν
1220 2916 1315 2976 ἔχθραν

209 2999 274 3061 qnod
291 3000 408 3044 malorum
427 2995 528 3040 manium
550 2998 676 3040 mmmm
694 2997 735 3039 eet.
787 2990 829 3036 καὶ
850 2988 914 3048 πρὸς
932 2989 991 3036 ποὺς
1011 2992 1110 3050 νεκροὺς
1129 2990 1314 3047 α’ποπείνοντες,

210 3078 270 3123 Heio
280 3087 353 3135 quum
360 3071 465 3132 legisset,
472 3068 524 3128 ipse
534 3066 619 3122 liuius,
630 3066 736 3113 Alberic.
789 3061 937 3109 trinovae
952 3061 989 3108 ‘ru'
1004 3062 1111 3122 σοι’ματιι
1126 3065 1235 3112 διδόντες
1251 3065 1313 3124 ὑπὲρ

212 3149 324 3204 conclis,
339 3151 364 3193 et
378 3143 516 3191 memoriter
529 3141 644 3195 laudavit,
663 3145 689 3185 et
706 3153 735 3186 ex
787 3138 834 3183 τοῦ
844 3136 877 3195 μή
887 3138 934 3192 πιῖς
940 3136 1091 3185 τελευταίας
1098 3139 1204 3200 χάριτος
1210 3139 1314 3197 ιὶμοιρῆ-

209 3227 305 3271 vetusto
325 3222 433 3267 Auctore
450 3214 520 3262 Libb.
541 3215 572 3260 sd
588 3214 736 3260 Herennium
788 3229 831 3256 σαι
852 3214 904 3257 τῶν
922 3211 1096 3272 νομιζομένων·
1120 3215 1205 3261 Etiam
1227 3215 1314 3273 quiin

210 3298 255 3343 sibi
265 3296 345 3341 animo
356 3296 451 3339 retenta
460 3287 561 3350 putavit,
571 3287 607 3333 ita
621 3293 649 3333 nt
664 3286 736 3332 etiam
789 3284 848 3331 deuo
858 3287 1011 3331 occatoernm
1022 3300 1061 3332 eos
1075 3287 1178 3334 hmines
1191 3289 1266 3334 solem
1281 3288 1316 3333 cd

211 3372 284 3418 verbu
302 3368 411 3428 quadum
428 3363 553 3424 paululum
567 3360 736 3408 immutaverit.
787 3357 933 3416 sepulturam
957 3358 1024 3414 dare,
1048 3360 1087 3404 tte
1112 3361 1205 3419 μαίαιπ
1228 3361 1315 3419 quitus

526 3518 540 3523 -
557 3516 621 3524 --
899 3514 1001 3521 -a---m

211 3651 276 3699 ture
287 3641 376 3714 ought
385 3646 437 3695 not
447 3646 477 3695 to
488 3638 526 3695 be
536 3638 679 3705 withheld,
690 3638 781 3695 either
791 3637 866 3693 from
878 3654 930 3694 our
940 3634 1047 3692 friends
1057 3650 1089 3689 or
1099 3632 1172 3687 from
1180 3633 1312 3688 enemics.

212 3730 268 3785 Sec
285 3728 341 3784 this
357 3723 479 3796 thought
496 3727 525 3780 in
543 3725 592 3781 the
608 3724 685 3798 Ajas
703 3725 736 3780 oi
752 3724 918 3796 Sophocles:
936 3724 967 3776 in
984 3719 1149 3791 Euripides:
1168 3719 1198 3771 in
1214 3718 1315 3788 Virgil,

211 3816 268 3869 and
283 3812 331 3869 thc
346 3812 440 3866 writer
454 3817 484 3866 to
499 3812 667 3875 Herennius,
681 3809 743 3864 who
755 3816 854 3881 quotes
865 3808 955 3863 him*.
983 3807 1021 3861 So
1033 3805 1168 3876 Papinius
1180 3801 1314 3871 [Statius]

211 3900 269 3954 and
283 3901 404 3970 Optatus
418 3896 504 3968 speak
519 3897 552 3952 of
563 3895 649 3952 death
663 3896 845 3964 terminating
859 3894 897 3948 all
912 3893 1033 3963 enmity..

263 3986 318 4041 111.
358 3990 372 4038 1
396 3982 493 4037 Hence
514 3981 551 4036 all
568 3998 652 4053 agree
670 3981 732 4036 that
750 3979 895 4052 sepulture
911 3978 935 4034 is
951 3978 1007 4032 due
1018 3982 1049 4030 to
1064 3974 1160 4046 public
1172 3975 1315 4039 enemice3

213 4072 270 4126 end
291 4071 314 4126 is
335 4086 353 4124 e
372 4066 448 4138 right
462 4067 496 4121 oi
512 4083 577 4122 war.
617 4066 655 4121 So
676 4066 796 4139 Appiam,
811 4064 902 4127 Philo,
917 4063 1041 4126 Tacitus,
1052 4060 1109 4114 Dio
1124 4059 1316 4132 chrysostom,

213 4158 319 4221 Lucan,
334 4156 462 4226 Sopater,
476 4150 533 4208 Dio
545 4152 725 4225 chrysostom
739 4150 833 4223 again.

333 4305 347 4332 ⁶
365 4304 386 4349 Α
398 4302 500 4349 mistnhe
510 4302 537 4348 oi
546 4300 653 4358 Grotius,
663 4301 742 4348 which
755 4300 889 4361 Barbeyrnc
899 4299 942 4346 has
953 4294 1103 4359 ingenionsly
1114 4294 1204 4341 traced.
