2834 4920
196 237 260 302 156
517 249 571 305 DE
592 249 969 307 INTERPRETATIONE.
1168 249 1241 320 [Lm.
1254 254 1295 310 11.

195 414 222 478 Ι.
270 415 289 479 1
318 415 476 569 IPSUM
500 413 555 501 qui
578 414 721 501 promisit
744 414 843 482 solum
866 416 892 484 si
917 424 1101 503 spectamus,
1127 425 1239 505 sponte
1262 419 1295 485 id

371 522 525 600 proestare
541 514 699 602 obligatur
715 514 747 579 in
764 515 848 603 quod
863 515 995 604 obligari
1010 515 1117 583 soluit
1164 520 1206 581 Ιιι
1219 522 1295 605 fide

31 632 181 684 mosem
195 615 275 695 quid
299 615 435 680 senecio
460 636 524 679 noo
551 615 632 697 quid
655 616 781 680 drocis
805 617 1022 700 cogitandum,
1048 615 1148 702 inquit
1174 616 1291 683 Cicero.

195 712 260 777 Sed
277 711 350 797 quia
373 711 488 778 interni
512 722 600 778 actus
625 734 683 799 per
704 734 739 777 se
763 712 947 800 spectabiles
971 735 1033 779 uon
1058 723 1140 793 sunt,
1158 723 1190 781 et
1214 714 1293 782 certi

195 808 313 898 aliquid
330 810 528 877 statuendum
553 819 611 888 est,
628 832 670 877 ne
686 810 771 876 nulla
791 811 832 878 sit
854 811 1012 901 obligatio,
1031 811 1058 878 si
1078 812 1207 899 quisque
1223 836 1292 879 sen·

194 930 263 976 sum
278 931 370 996 quem
388 909 483 975 wellet
504 908 563 975 sibi
584 909 759 998 effingendo
780 910 915 976 liberare
934 934 969 978 se
990 920 1115 998 possct;
1140 911 1209 999 ipsa
1230 912 1293 978 dic-

193 1015 283 1074 tante
299 1008 433 1074 naturali
449 1007 571 1074 ratione
586 1007 640 1094 jus
661 1016 710 1074 est
730 1007 769 1085 ei,
787 1009 837 1074 eui
853 1008 929 1096 quid
944 1009 1128 1097 promissum
1144 1018 1203 1088 est,
1220 1033 1293 1098 pro-

193 1106 353 1173 missorem
369 1128 481 1196 cogere
496 1106 538 1172 ad
554 1106 587 1172 id
602 1106 686 1193 quod
702 1114 789 1173 recta
804 1107 1021 1194 interpretatio
1037 1109 1196 1197 suggerit:
1219 1131 1292 1176 nom

190 1204 309 1291 alioqui
325 1227 378 1271 res
402 1205 521 1272 exitum
544 1227 607 1271 nou
630 1205 805 1292 reperiret:
829 1207 913 1293 quod
928 1206 961 1272 in
978 1207 1146 1273 moralibus
1162 1230 1221 1294 pro
1235 1208 1292 1273 im-

192 1304 330 1391 possibili
360 1305 504 1371 hebetur.
554 1306 624 1371 Hoc
652 1304 735 1371 forte
763 1326 857 1372 seusu
885 1328 955 1372 cum
982 1306 1023 1372 de
1049 1305 1149 1392 pactis
1175 1306 1292 1396 egisset

193 1403 348 1470 Isocrates
367 1403 601 1492 prescriptione
620 1403 770 1471 adversm
793 1404 1025 1482 Callimachum,
1041 1400 1161 1494 τούτῳ,
1180 1406 1289 1493 inquit,

195 1498 278 1594 νῦμιρ
297 1505 389 1592 κοινῷ
412 1498 535 1576 πάντες
551 1497 717 1596 ἅνθρωποι
734 1495 948 1583 διατελοῦμεν
963 1499 1134 1599 χρώμενοι,
1152 1513 1188 1570 ιιι
1203 1514 1291 1570 recte

192 1621 264 1667 eum
288 1600 388 1668 locum
415 1602 592 1669 emendarit
621 1602 672 1669 sir
696 1601 944 1668 eminentissimos
966 1601 1148 1669 eruditionis
1176 1605 1290 1670 Petrus

191 1700 306 1778 Faber,
327 1702 406 1767 ιΙιοο
432 1703 497 1787 lcpe
519 1706 678 1766 communi
702 1703 845 1767 homines
868 1705 956 1768 inter
974 1724 1033 1768 noc
1052 1715 1207 1787 perpetuo
1224 1705 1289 1766 uti·

190 1821 277 1876 mur,
295 1820 353 1865 nec
371 1799 472 1866 Grseci
495 1807 626 1878 tautum,
644 1799 700 1865 sed
725 1808 758 1865 et
779 1799 923 1877 Barbari,
945 1807 981 1866 ut
1001 1799 1094 1887 paulo
1115 1809 1189 1866 aute
1204 1799 1288 1866 idem

189 1897 323 1964 dixerat

265 1999 286 2062 2
321 1997 393 2062 Huc
415 1995 491 2062 illud
514 1993 650 2082 pertinet
673 1995 707 2060 in
728 1995 857 2084 sutiqua
880 1997 1021 2063 foderum
1046 1996 1179 2062 formula
1202 1998 1287 2084 opud

188 2094 331 2163 Livium:
359 2096 441 2163 Sine
457 2096 530 2162 dolo
546 2096 634 2160 οιαιο
658 2097 786 2179 'otique
802 2119 841 2163 eo
857 2099 911 2164 bic
935 2097 1030 2164 bodie
1045 2098 1221 2163 rectissime
1237 2100 1288 2163 io-

232 2253 240 2283 ¹
258 2256 288 2301 1u
298 2257 351 2301 toto
362 2254 410 2301 ιιιο
421 2253 508 2314 ceptro
521 2256 640 2314 perpetuo
653 2267 711 2301 cou-
806 2256 818 2292 b
831 2257 889 2305 Νοιι
903 2258 1061 2319 grammatica
1076 2270 1130 2318 qun
1143 2262 1177 2304 eet
1191 2272 1220 2304 ex
1234 2259 1285 2304 ori·

185 2332 299 2379 serendus
320 2332 488 2378 Purssucsr.
509 2331 549 2377 Dc
570 2330 633 2377 Jure
648 2330 710 2380 Not.
760 2329 826 2392 ριιιο]
843 2333 910 2380 Beue
923 2332 1055 2393 Procopius
1069 2332 1285 2381 Vandalicorwrsl.

186 2412 209 2455 et
220 2407 288 2455 (lert.
300 2406 353 2454 Lib.
361 2419 386 2454 v.
397 2420 450 2467 esp.
457 2408 495 2453 12.
505 2419 561 2452 curn
571 2405 643 2453 Notis
653 2420 709 2453 uos-
761 2407 803 2454 uhi
821 2407 852 2456 ds
870 2421 929 2454 vocs
953 2408 1007 2467 agit
1023 2407 1210 2455 Fedcratorom:
1238 2409 1285 2454 τοῦ

185 2482 238 2530 cris.
267 2483 295 2530 J.
305 2481 339 2529 B.
760 2479 852 2542 χρόνον
861 2480 908 2528 τιίο
917 2481 1098 2541 προσηγορίας,
1118 2480 1160 2541 ιφ’
1174 2480 1208 2528 ὦν
1227 2482 1284 2528 τέθ-

228 2563 239 2589 ¹
256 2556 343 2615 Utique
355 2568 385 2601 ea
394 2554 433 2600 bic
447 2552 516 2600 bodie
529 2553 656 2600 ceaddae
670 2553 709 2599 in·
760 2572 849 2613 ιιντιιι,
860 2554 952 2610 ἥκιστα
963 2556 1093 2616 ἀξιοῦντος
1103 2562 1200 2616 τηρεῖν.
1215 2557 1285 2604 ἄλλο’

184 2628 276 2676 nibem
295 2625 361 2688 sunt]
383 2626 450 2674 Vota
472 2626 659 2686 interpretanda,
680 2631 710 2673 ut
759 2632 812 2676 τῶν
834 2630 995 2690 πραγμάτων
1018 2631 1057 2677 del
1081 2633 1284 2692 περιφερομένων

184 2701 343 2750 communicer
357 2704 492 2757 sumuntur,
508 2704 594 2746 noant
612 2700 707 2747 Hebros}
758 2702 774 2764 ᾖ
782 2705 865 2750 ταῦτα
874 2704 947 2763 «lym
956 2704 1085 2752 idcircum
1094 2705 1226 2764 ἅνθρωποι,
1232 2710 1284 2753 τῶν

183 2777 365 2825 addemur.
759 2778 870 2838 πρόσθεν
891 2778 1072 2839 ὠνομασμένων
1093 2780 1285 2839 ὀλιγωροῦντες·

228 2852 239 2881 ¹
254 2854 284 2898 Iu
296 2854 374 2912 Opere
385 2850 548 2908 Scmcstrium,
563 2849 643 2898 Lien.
654 2864 707 2911 esp.
758 2853 845 2914 Longa
860 2853 912 2900 dies
926 2869 972 2900 non
990 2854 1049 2901 sciet
1062 2868 1157 2901 screare
1172 2869 1238 2902 cocos
1258 2857 1283 2902 ιἰι

183 2928 243 2979 7.ιο
253 2928 308 2976 fine.
338 2928 366 2977 J.
377 2928 412 2975 B.
758 2928 1022 2990 quitusprr‘rssrmdntae
1032 2934 1178 2976 οιιιιιοοιιοιιι
1190 2936 1284 2978 omun-

457 3196 594 3251 Onsrren
608 3194 688 3250 XVI.
728 3195 773 3268 Os
784 3194 1002 3267 interpretation.

239 3299 262 3353 1.
302 3304 316 3351 1
340 3298 422 3352 lfwe
442 3298 548 3368 merely
566 3297 694 3352 consider
707 3295 766 3350 him
786 3296 847 3351 who
862 3296 912 3351 has
927 3296 1077 3367 promised,
1091 3295 1128 3350 hs
1143 3296 1166 3350 is
1183 3295 1280 3350 bound

184 3389 215 3438 to
234 3382 367 3455 perform,
388 3382 506 3437 without
520 3381 702 3452 compulsiou,
721 3379 784 3434 thot
798 3388 829 3435 to
845 3380 934 3435 which
952 3381 1059 3436 hewse
1074 3381 1178 3451 willing
1192 3388 1222 3434 to
1243 3381 1280 3435 be

183 3468 287 3524 bound.
332 3469 369 3520 In
385 3468 548 3537 yeodfaitb,
561 3468 633 3519 witot
648 3484 704 3537 you
718 3466 835 3535 thought,
850 3475 896 3519 not
914 3467 987 3519 what
1004 3483 1060 3537 you
1079 3465 1147 3527 said,
1162 3465 1185 3518 ιί
1204 3475 1230 3518 to
1251 3468 1279 3518 bc

183 3553 342 3616 concessa,
356 3569 418 3624 seys
439 3552 545 3607 Cicero.
583 3552 641 3606 But
660 3551 779 3605 bccnnse
793 3551 916 3605 iuternal
930 3556 989 3604 acts
1004 3551 1038 3603 of
1049 3549 1215 3604 themselves
1230 3565 1278 3603 arc

183 3646 235 3694 not
249 3656 285 3693 sn
298 3638 435 3707 objectos
449 3653 538 3702 sense,
552 3637 608 3691 eud
623 3652 700 3691 some
711 3636 819 3691 certain
833 3636 895 3690 rulc
913 3642 989 3690 must
1002 3635 1038 3691 be
1051 3634 1229 3698 established,
1248 3635 1278 3688 in

183 3725 267 3779 order
281 3723 344 3779 that
355 3723 521 3794 obligations
534 3740 598 3795 may
612 3729 663 3776 not
673 3722 710 3777 be
724 3722 886 3787 frustrated,
901 3739 931 3777 ns
945 3721 1014 3793 they
1025 3720 1115 3792 might
1129 3720 1173 3785 be,
1188 3721 1214 3774 if
1222 3737 1279 3793 any

183 3827 246 3874 oue,
261 3810 300 3881 by
311 3809 479 3881 pretending
496 3826 552 3881 any
571 3825 652 3864 sense
669 3809 702 3863 of
713 3808 756 3862 his
774 3808 864 3862 words
878 3807 968 3862 which
984 3807 1020 3862 he
1034 3807 1117 3862 chose
1132 3811 1163 3860 to
1177 3806 1278 3877 assign,

182 3897 266 3952 could
280 3896 341 3950 free
355 3895 483 3959 himself3
504 3894 617 3949 natuml
628 3911 728 3949 resson
742 3894 860 3948 dictetes
879 3893 942 3949 that
960 3892 1035 3948 what
1053 3893 1077 3948 is
1091 3892 1232 3964 promised
1247 3899 1277 3946 ιο

181 3998 238 4055 sny
250 3998 312 4046 oue,
321 3980 443 4052 compels
451 3979 501 4036 the
512 3981 649 4052 promiser
660 3986 690 4036 to
701 3979 764 4035 that
774 3979 865 4033 which
877 3997 894 4034 a
905 3979 981 4050 right
992 3978 1206 4051 interpretation
1214 3995 1278 4049 sug.

182 4074 270 4140 gests;
281 4068 327 4122 for
333 4066 479 4122 otherwise
488 4066 537 4121 the
545 4073 649 4121 matter
657 4065 748 4121 would
757 4065 828 4120 bave
836 4082 874 4120 no
883 4065 1068 4120 determinate
1077 4064 1176 4128 result3
1188 4063 1278 4120 which

182 4155 211 4209 iu
224 4153 314 4209 moral
325 4158 441 4208 matters
452 4153 476 4207 is
487 4152 555 4207 held
566 4159 596 4207 ιο
608 4152 644 4207 bc
656 4152 825 4223 impossible.
853 4150 979 4223 Perhaps
991 4151 1015 4205 it
1022 4168 1078 4205 was
1090 4152 1120 4204 in
1130 4149 1186 4205 this
1198 4166 1279 4205 sense

181 4240 245 4296 that
263 4240 408 4303 Isocrates,
426 4238 548 4308 treatiug
563 4238 596 4292 01⁴
609 4244 696 4309 pecte,
710 4237 798 4309 spele
812 4237 845 4291 of
860 4239 901 4292 ιιι
920 4255 1041 4293 common
1059 4237 1119 4292 mic
1138 4237 1222 4290 ιοιίοι
1239 4236 1279 4289 cli

181 4329 290 4382 observo.
336 4325 375 4379 Sc
389 4325 475 4396 Livy:
496 4325 552 4379 cine
565 4324 625 4379 dot>
639 4324 712 4379 molo
725 4323 864 4379 intellecto.

243 4419 260 4466 2
282 4409 343 4467 The
355 4426 484 4466 measure
496 4409 529 4465 os
543 4409 619 4482 right
632 4409 892 4482 interpretationis
906 4409 956 4465 the
967 4424 1099 4484 purpose,
1110 4424 1141 4463 ss
1155 4404 1281 4462 inferred
