2834 4920
255 232 320 294 eoo
618 241 671 297 nn
694 242 830 300 oausrs
851 242 993 300 nuans.
1232 239 1305 314 [ιιι.
1319 246 1359 300 ιι.
1387 220 1391 226 ’

255 403 439 492 tissimisqua
460 404 601 471 nitantur
621 407 807 474 auctoribus.
849 405 902 472 Sic
918 405 1050 472 Romani
1073 414 1194 473 veteres
1211 430 1274 474 non
1298 409 1357 476 nisi

255 505 392 569 consulto
412 504 540 594 collegio
563 505 716 571 fecialium
736 507 778 572 ad
800 505 834 572 id
850 505 1000 582 instituto,
1022 505 1232 592 Imperatores
1251 510 1357 574 Chris·

255 603 332 668 tiani
350 603 403 669 vix
425 604 484 669 nisi
505 605 618 671 auditis
640 605 800 693 episcopis,
823 605 906 671 bella
925 604 1139 691 suscipiebant,
1163 615 1209 685 ut,
1233 608 1355 694 siquid

256 711 346 778 esset,
365 704 448 789 quod
464 703 646 791 religionem
663 714 767 792 posset
782 704 917 792 injicere,
936 703 1003 790 ejus
1019 713 1227 772 monerentur.

330 804 369 869 V.
413 805 432 867 1
467 804 618 869 Accidere
637 812 742 869 autem
762 803 795 870 in
817 802 921 869 multis
941 803 1158 869 controversiis
1183 814 1294 892 potest,
1318 817 1354 874 ut

253 901 295 967 ab
312 910 445 989 utraque
467 911 558 989 parte
578 903 750 990 probabilia
766 924 800 969 se
822 902 988 969 ostendant
1008 912 1203 990 argumenta,
1226 905 1292 971 sive
1309 907 1355 971 in·

253 1000 396 1078 trinseca,
418 1001 484 1067 sive
508 1002 548 1067 ab
568 1001 700 1068 aliorum
721 1003 915 1068 auctoritate.
961 1002 1000 1066 ld
1019 1024 1088 1067 oum
1111 1002 1233 1081 accidit,
1255 1004 1282 1068 si
1304 1028 1356 1071 res

252 1100 422 1166 mediocres
446 1109 528 1176 sunt,
554 1100 729 1187 dequibus
753 1101 869 1190 agitur,
892 1099 1017 1166 videtur
1042 1099 1117 1167 vitio
1139 1123 1247 1168 carere
1267 1126 1355 1190 posse

252 1198 371 1278 electio,
397 1199 431 1265 in
459 1200 609 1265 utramvis
634 1209 756 1286 partem
785 1200 946 1266 ceciderat.
994 1202 1047 1277 At,
1073 1199 1224 1268 sidere
1249 1204 1355 1291 magni

252 1299 409 1377 momenti,
429 1298 521 1365 uide
540 1299 689 1387 supplicio
706 1299 830 1388 capitali
845 1298 986 1376 hominis,
1007 1298 1123 1387 agitur,
1141 1299 1206 1385 jam
1224 1314 1355 1389 propter

252 1419 399 1486 magnum
421 1398 595 1474 discrimen,
617 1399 701 1484 quod
717 1409 766 1466 est
790 1399 873 1465 inter
894 1398 1046 1488 eligenda,
1068 1399 1285 1486 ‘preferenda
1305 1411 1354 1468 est

251 1516 325 1583 pars
342 1497 448 1576 tutior,
464 1506 501 1563 ut
516 1497 576 1563 dici
592 1498 691 1565 solet:

488 1618 523 1673 In
537 1618 620 1672 istam
634 1623 744 1690 partem
758 1619 852 1690 potius
865 1624 983 1690 peccato
997 1627 1103 1675 tamen.
1197 1672 1200 1677 .

250 1715 327 1782 ideo
356 1715 453 1781 satius
482 1725 530 1782 est
554 1725 715 1783 nocentem
740 1716 912 1794 absoluere,
940 1732 1033 1803 quam
1060 1716 1254 1783 innocentem
1280 1739 1351 1785 eon-

250 1814 405 1881 demnare.

315 1918 336 1979 2
372 1914 513 2002 Scriptor
524 1914 750 2001 problematum
765 1936 835 2001 quae
851 1914 1025 1981 Aristotelis
1038 1936 1150 1983 nomen
1162 1917 1349 2004 praeierunt:

248 2010 389 2082 ἕκαστος
408 2009 494 2095 ἡμῶν
509 2017 638 2091 μᾶλλον
654 2009 697 2082 ἅν
718 2010 899 2106 προέλοιτο
921 2018 984 2083 τοῦ
1001 2008 1188 2088 α’δικοῦντος
1209 2013 1347 2108 ἀποψη-

248 2113 415 2206 φίσασθαι
433 2108 472 2184 nic
484 2109 541 2180 οὐκ
554 2104 663 2189 dinei,
678 2107 698 2195 ἢ
715 2117 777 2182 τοῦ
790 2109 835 2195 nri
846 2105 1026 2184 ἀδικοῦντος
1041 2118 1349 2208 καταψηφίσασθαι

248 2209 289 2282 uic
310 2209 366 2280 οὐκ
384 2205 486 2280 ἀδικεῖ
508 2212 632 2299 (quibus
651 2212 684 2277 in
706 2213 810 2280 verbis
834 2213 926 2302 vulgo
947 2235 1005 2300 pro
1026 2205 1210 2288 ἀδικοῦντος
1232 2214 1351 2302 legitur

246 2308 289 2394 pri
306 2304 501 2388 discretiores,
520 2320 552 2378 et
568 2314 690 2395 contra)
708 2335 797 2379 ιιιιιιο
819 2325 1035 2389 minoricam,
1052 2313 1107 2390 ait,
1126 2317 1184 2400 pai
1200 2337 1264 2379 non
1279 2337 1351 2379 mo-

249 2413 289 2476 lit
306 2412 467 2478 absoluere
487 2416 636 2498 quamvis
651 2425 832 2487 nocentem,
844 2434 941 2499 quam
961 2415 1121 2479 damnare
1142 2404 1349 2479 innocentem.

246 2509 292 2576 Et
308 2533 380 2575 mox
395 2511 484 2576 addit
503 2510 666 2587 rationem,
689 2533 781 2597 quam
795 2508 862 2599 jam
885 2510 1045 2578 dedimus:
1073 2505 1150 2580 ἔστι
1167 2510 1246 2604 «γὰρ,
1266 2509 1350 2580 ὅταν

291 2698 304 2733 s
318 2687 474 2749 Proeferendn
488 2692 522 2733 ert
531 2700 594 2745 pars
608 2683 693 2745 tutior]
710 2685 771 2731 Am·
866 2684 879 2719 ¹¹
897 2686 981 2732 Omnia
987 2686 1058 2744 prius
1067 2686 1171 2744 experiri
1180 2700 1251 2745 φιαιι
1261 2687 1351 2747 armis]

245 2764 338 2810 mienus
357 2763 511 2809 Marcellinus
531 2760 592 2804 libro
612 2771 710 2805 xxviii.
742 2758 771 2805 Si
822 2759 951 2820 Dionysius
965 2760 1179 2806 Halicarnmsensis
1190 2761 1214 2805 in
1229 2765 1352 2821 excerptis

244 2838 406 2897 implacabiles
419 2834 548 2882 iracundie
562 2838 724 2888 contamina
737 2838 771 2880 est
821 2835 982 2896 legationum:
1007 2834 1041 2895 pri
1059 2834 1186 2895 πρότερον
1203 2836 1278 2897 ἄρξαι
1296 2841 1351 2886 τῶν

247 2912 381 2957 arabitas:
397 2911 435 2956 ιιίι
445 2914 522 2955 nutem
530 2908 671 2963 exorabiles,
680 2922 771 2954 ιιιιιιννια
822 2909 902 2970 ἔργον
917 2911 977 2970 πρὶν
993 2910 1008 2966 ἢ
1025 2910 1173 2969 πειραθῆναι
1187 2914 1238 2957 τῶν
1252 2913 1351 2972 λόγων·

244 2989 328 3034 levitas
338 3003 346 3032 :
363 3001 416 3047 quoe
430 2991 512 3040 tannen,
522 2989 548 3030 ιιι
557 2984 583 3029 in
591 2984 670 3039 melia,
679 2983 770 3030 acerbi·
821 2999 868 3032 ιιοιι
876 2990 931 3031 nante
939 2986 974 3031 nd
982 3000 1020 3032 rer
1029 2985 1164 3033 οιιιιονιιινιιι
1173 2992 1291 3045 astaram
1299 2993 1350 3033 ien-

245 3065 291 3111 ιαιὶ
299 3062 461 3122 anteponenda
470 3066 510 3107 ert.
529 3060 601 3121 [Cap.
612 3061 628 3108 i.
640 3075 663 3121 p.
675 3060 727 3108 562.
740 3075 770 3106 ex
821 3061 1044 3106 totacitoerborum
1053 3061 1103 3107 rin.
1129 3060 1201 3120 (Peg.
1213 3063 1263 3107 704.
1278 3061 1348 3110 Edit,

246 3140 362 3186 Cicerone
372 3139 406 3184 nd
419 3137 448 3196 Q.
458 3136 578 3195 Fratrem,
590 3135 667 3195 Epist
678 3134 708 3194 ι.]
735 3133 770 3182 Ει
824 3134 914 3194 Oeen.)
929 3135 1053 3181 Menelaus
1061 3136 1125 3194 apud
1132 3135 1268 3181 Libanium:
1279 3140 1349 3195 πρῶ.

245 3213 291 3258 hoc
305 3212 409 3271 explicat
423 3211 533 3270 vasquez
551 3209 615 3256 dicto
627 3210 697 3267 libro,
711 3224 732 3258 c.
745 3212 769 3259 4.
821 3227 867 3255 τον
882 3209 927 3268 μὲν
940 3208 992 3269 γάρ
1007 3209 1042 3254 ια’
1054 3210 1136 3256 δίκαια
1149 3212 1187 3269 τῷ
1204 3210 1275 3270 λόγῳ
1289 3227 1347 3257 τοι·

246 3299 312 3332 ιιιιιιι.
322 3288 360 3332 21.
819 3279 913 3341 ριῑσθαι
923 3283 1070 3343 λαμβάνων,
1079 3282 1148 3330 iiii
1153 3283 1187 3344 pri
1193 3288 1249 3330 τοῖς
1256 3284 1346 3332 ὅπλοις

245 3529 326 3585 thero
341 3547 413 3584 nere
430 3547 485 3601 any
497 3530 680 3602 impediment
692 3528 782 3583 which
801 3529 918 3601 religion
933 3530 1102 3601 interposed,
1117 3529 1185 3600 they
1199 3530 1288 3600 might
1309 3531 1346 3586 be

247 3616 357 3670 named
370 3615 489 3670 thercof.

298 3702 333 3756 V.
373 3705 386 3754 1
409 3701 437 3754 It
452 3717 516 3771 may
527 3700 648 3772 happcn,
664 3700 694 3753 in
714 3717 798 3772 many
809 3700 1019 3764 controversies,
1035 3699 1097 3753 that
1111 3698 1245 3770 probable
1260 3717 1345 3772 argu·

245 3794 337 3842 ments
358 3802 406 3840 nro
428 3786 556 3840 adduoed
578 3802 615 3840 on
633 3785 703 3839 both
720 3786 801 3848 sides,
820 3784 912 3839 either
926 3786 1051 3839 intrinsic
1067 3790 1097 3839 to
1112 3785 1160 3839 the
1175 3785 1292 3854 subject,
1312 3804 1346 3842 or

245 3873 359 3928 derived
370 3872 442 3926 irom
453 3871 503 3925 the
515 3870 658 3942 authority
667 3870 700 3924 oi
709 3871 812 3926 others.
834 3870 925 3925 When
936 3869 999 3925 that
1007 3870 1143 3942 happens,
1154 3870 1179 3923 if
1189 3871 1237 3926 the
1249 3872 1345 3944 things

246 3961 275 4013 in
291 3959 419 4030 question
434 3974 482 4012 are
494 3958 528 4010 of
539 3957 684 4011 moderate
698 3957 880 4029 importance,
892 3956 941 4011 the
955 3956 1061 4020 choice,
1076 3958 1098 4011 it
1112 3957 1205 4011 would
1220 3974 1304 4021 neem,
1320 3960 1344 4013 is

246 4047 306 4101 free
325 4045 399 4098 from
412 4043 513 4107 blame,
532 4059 569 4097 on
583 4041 740 4097 whichever
754 4042 813 4097 side
827 4043 850 4096 it
864 4042 936 4097 falls.
973 4044 1032 4097 But
1045 4043 1070 4097 ii
1082 4043 1162 4097 there
1177 4045 1199 4096 is
1214 4045 1344 4114 question

246 4132 280 4186 oi
295 4149 313 4185 a
326 4137 430 4185 matter
447 4129 480 4183 of
497 4136 577 4200 great
594 4135 728 4192 moment,
745 4146 776 4182 as
794 4129 827 4183 oi
846 4145 863 4181 n
882 4129 985 4200 capitul
997 4129 1186 4201 punishment,
1208 4128 1285 4192 then,
1305 4146 1345 4184 on

246 4223 365 4272 account
379 4216 412 4272 oi
424 4215 472 4271 the
486 4221 566 4286 great
580 4214 731 4268 difference
744 4215 872 4270 between
891 4214 940 4269 the
957 4222 1013 4269 two
1027 4216 1101 4270 sides
1119 4215 1152 4270 of
1170 4213 1219 4268 the
1237 4213 1344 4280 choice,

245 4304 295 4358 the
307 4304 381 4358 safer
395 4308 459 4374 part
474 4303 496 4355 is
512 4309 541 4355 to
554 4300 589 4354 be
601 4299 754 4371 preferred.
794 4301 822 4355 It
836 4300 860 4355 is
874 4300 968 4356 better
981 4307 1012 4356 ιο
1026 4303 1121 4373 aequit
1135 4318 1153 4355 a
1166 4300 1256 4371 guilty
1275 4317 1345 4356 man

245 4389 315 4445 than
328 4397 358 4443 to
370 4388 509 4444 condemn
520 4404 557 4441 an
568 4387 710 4440 innocent.
