2834 4920
217 262 282 328 336
661 271 714 325 DE
736 270 875 325 POENlS.
1195 262 1269 332 [Ina
1283 265 1321 321 11.

218 436 320 503 dicum
337 439 502 522 potestate,
518 440 552 500 et
574 453 652 519 quos
666 455 729 499 non
744 433 895 521 potuisset
912 433 1015 500 verbis
1031 433 1188 512 inducere,
1207 455 1261 500 eos
1279 434 1321 513 ri,

218 535 329 624 plagis,
347 533 585 620 carceribusque
599 533 640 597 ad
655 555 689 598 se
705 534 892 620 pertrahere
907 534 1122 600 anniteretur:
1146 546 1243 617 atque
1260 537 1322 612 ita,

219 634 329 719 inquit,
357 635 499 717 reipsam
523 654 623 717 quam
650 654 714 697 uon
741 634 785 697 eit
802 634 877 717 piu,
904 654 962 698 nec
982 635 1050 698 Dei
1072 633 1195 698 cultrice
1215 637 1323 699 maui-

211 736 330 819 seetct,
348 730 516 818 respiciens
537 730 570 794 ni
591 729 684 795 fallor
706 730 748 795 ad
771 728 849 795 illud
871 731 954 816 quod
970 730 1085 819 legitur
1102 731 1193 797 real.
1211 731 1250 797 iv.
1270 734 1323 799 29.

223 831 343 897 Similia
358 829 456 895 habet
479 829 619 894 Hilarius
642 829 782 895 oratione
803 829 845 894 ad
868 830 1092 896 Constantium.
1143 832 1204 896 <¹111
1222 831 1324 897 Gallia

217 930 284 1017 jam
312 929 384 995 olim
412 928 551 994 damnati
577 936 650 993 sunt
674 927 810 993 ccclesiae
831 927 949 1014 judicio
976 928 1123 1016 Episcopi
1149 929 1203 1015 qui
1229 938 1265 996 ut
1290 931 1323 996 in

221 1028 471 1094 Priscillianistas
503 1026 608 1116 gladio
641 1027 944 1092 animadverteretur
981 1036 1187 1105 curaverant:
1224 1038 1258 1095 et
1289 1028 1324 1094 in

221 1127 342 1193 oriente
369 1127 518 1193 damnata
545 1125 692 1213 Synodns
718 1147 788 1212 quae
814 1125 847 1190 in
872 1125 1025 1214 Bogomili
1042 1127 1235 1193 exustionem
1252 1150 1324 1193 con-

220 1234 370 1293 senserat
399 1224 563 1312 Sapienter
576 1223 656 1289 dixit
668 1224 768 1301 Plato,
782 1225 935 1290 lerrantis
947 1247 1069 1312 poenam
1083 1248 1158 1302 esse,
1173 1227 1305 1292 ⁴doceri.

298 1325 352 1391 Ll.
406 1328 424 1389 1
460 1321 598 1390 'Justiue
623 1322 668 1387 illi
693 1323 864 1410 punientur
891 1323 944 1409 qui
974 1324 1007 1388 in
1038 1346 1100 1405 eos,
1131 1347 1208 1411 quos
1237 1328 1324 1391 Deos

222 1431 343 1512 putant,
360 1422 568 1489 irreverentes
588 1429 683 1508 atque
706 1421 872 1511 irreligiosi
894 1431 977 1488 sunt.
1025 1423 1129 1509 Atque
1144 1424 1214 1490 haec
1231 1445 1325 1490 causa

222 1618 301 1665 πόλει
310 1617 352 1665 καὶ
363 1617 433 1679 χώρᾳ
442 1613 749 1677 εΙργάσαντο,ᾰλλᾶπολ-
798 1614 935 1675 scripturam
948 1616 1015 1663 sartis
1029 1616 1135 1664 comiiiis
1149 1619 1273 1666 seculares
1280 1618 1325 1677 ἰν-

222 1693 292 1741 haic·
312 1694 436 1741 Veritatem
449 1692 554 1739 doceam
571 1695 664 1748 eamd,
678 1704 751 1749 nequa
798 1690 862 1737 dices
881 1691 975 1748 deum,
994 1696 1021 1737 ut
1040 1705 1119 1738 eorum
1138 1693 1237 1740 &ordia
1254 1699 1326 1755 αιφιι

222 1769 299 1815 aeriis
313 1772 424 1825 mmai,
438 1767 481 1813 sed
491 1767 563 1826 odiis,
574 1766 649 1822 bellis,
660 1765 752 1826 gladiis
798 1766 970 1812 amnibus
983 1766 1089 1814 haeretici
1101 1767 1198 1814 artibus
1207 1769 1325 1828 pelleren-

222 1843 321 1889 truduat
335 1847 396 1888 recte
406 1842 544 1888 :eudemus
556 1841 653 1887 erinna
663 1840 751 1899 quippe
798 1846 845 1887 tur.
862 1841 927 1901 (Lib.
939 1854 967 1888 rr.
984 1857 1005 1889 c.
1020 1843 1068 1901 47.)
1083 1843 1157 1889 Mox:
1172 1845 1245 1890 secuti
1254 1845 1325 1890 etiarn

217 1916 272 1975 jam
281 1930 327 1961 nors
336 1917 385 1972 uni,
394 1914 437 1962 ced
445 1915 525 1960 multis
534 1913 632 1961 artibus
646 1913 750 1972 regioni-
798 1921 947 1963 accusatores
956 1917 1056 1964 idacius
1065 1922 1086 1964 et
1097 1919 1206 1965 ithacius
1212 1920 1324 1979 epaeopi,

130 2019 132 2023 ,
222 1991 310 2051 beasque
323 1991 430 2036 anaim.
455 1989 494 2035 De
505 1988 605 2035 Talibus
617 1986 750 2046 Gregorius
798 1992 1326 2054 pummrtudiumirseaepuguuadisharcticis

223 2065 350 2124 epiecopus
360 2065 483 2110 Romanus
498 2063 529 2108 ad
544 2061 749 2120 Constantinopo-
798 2080 844 2112 m
858 2067 1055 2126 mmmmm,
1069 2068 1092 2113 η’
1112 2082 1157 2114 m
1177 2069 1255 2115 mio
1274 2070 1326 2115 vin.

222 2138 324 2184 litannm
345 2138 499 2198 episcopum:
522 2135 588 2192 (Lib.
610 2147 640 2182 rr.
655 2134 710 2179 Iud.
726 2136 750 2180 2.
799 2142 866 2188 mai
877 2143 935 2202 ριω
950 2157 1021 2204 pm
1037 2145 1178 2203 opos-mm
1190 2149 1326 2194 mmm,

222 2213 270 2273 Ep.
281 2214 334 2272 52.)
347 2212 450 2259 Noouct
462 2210 615 2257 tmadtwat
629 2209 749 2268 istam·
798 2215 902 2263 Acmen
917 2217 1010 2277 quidem
1022 2220 1136 2265 minutia
1148 2224 1188 2277 est,
1203 2220 1261 2266 aridi
1276 2224 1326 2266 tam

223 2288 321 2346 dicatio,
343 2302 396 2349 quoe
422 2286 556 2333 uertentur
579 2285 654 2345 eripit
666 2284 750 2344 fidem.
799 2299 928 2348 reosquara
938 2294 1088 2335 ucnoeatores
1099 2290 1230 2350 displicere.
1246 2291 1325 2350 (ibid.

219 2360 301 2424 ¹[hicela
311 2363 407 2423 quidem
418 2364 520 2421 egerunt
534 2359 634 2406 Ariani:
650 2359 751 2405 sednon
799 2362 877 2422 odo.)
894 2363 993 2410 Postea:
1008 2363 1132 2411 Martinus
1141 2366 1208 2424 apud
1216 2366 1328 2413 Treviros

223 2438 295 2498 primi
304 2442 354 2484 lam
367 2436 455 2482 malum
467 2436 603 2496 exemplum
617 2436 751 2481 ediderunt.
799 2437 990 2483 wurtitutusnou
999 2437 1118 2485 Maesa
1127 2439 1328 2499 increpareItitu-

224 2512 281 2559 Jarn
291 2516 363 2558 antea
377 2510 520 2567 Orthodoxl,
530 2511 562 2555 ad
576 2524 617 2556 eos
631 2510 752 2556 vorandos
800 2512 934 2558 camurae
943 2513 1232 2561 accusaticacdcaisteret:
1250 2515 1328 2561 Mac-

223 2588 373 2648 impuleraut
389 2587 583 2642 Constantinum,
599 2590 627 2632 ut
641 2599 671 2630 ex
690 2584 751 2629 His·
800 2586 871 2631 imum
882 2588 1256 2648 orarentsanpuiueirffeliciurn
1270 2590 1328 2636 aba·

224 2664 290 2709 toria
300 2662 587 2708 Ecclesiasticaconstat.
617 2659 646 2705 J.
656 2657 703 2718 B.]
800 2661 898 2714 tineret,·
913 2660 974 2705 sut&
988 2674 1102 2720 superque
1116 2662 1223 2723 sufficere
1236 2668 1262 2708 ut
1275 2664 1327 2722 epi·

269 2745 282 2777 o
299 2735 356 2782 Gal.
368 2736 398 2780 io.
410 2733 459 2795 29.]
475 2734 517 2779 Ad
528 2747 599 2792 quem
610 2732 688 2777 locum
698 2733 752 2778 ride
799 2735 891 2793 scopuli
899 2735 1012 2780 :ramniu
1021 2734 1236 2791 haereticijudicnti
1245 2737 1330 2784 Eccle-

224 2811 405 2870 Hieronymum,
416 2809 517 2854 citatum
527 2821 550 2854 c.
561 2807 602 2866 qni
612 2806 752 2867 secundnm,
799 2809 1000 2869 riiepeiierentrrr.
1032 2810 1094 2856 Vide
1104 2815 1129 2855 et
1139 2813 1272 2871 sequentia.

225 2888 262 2932 13.
273 2898 344 2929 causa
354 2896 435 2931 xxrn.
447 2886 531 2942 quest.
542 2882 574 2927 ir.
847 2892 856 2918 Ι
870 2885 987 2930 Errnatis
996 2898 1091 2943 prendre
1106 2899 1161 2943 esre,
1176 2886 1266 2947 doceri]
1283 2889 1328 2934 Se-

269 2958 424 3005 aInGulliu
432 2957 488 3015 jars
501 2957 557 3003 olim
566 2955 673 3003 munti
687 2953 751 3014 mut]
801 2973 861 3006 neca
884 2959 910 3004 in
930 2959 1061 3019 Tragoedia
1080 2958 1163 3018 (Herc.
1183 2960 1242 3009 Frrr.
1265 2976 1327 3010 vers.

226 3037 345 3097 Sulpicius
363 3036 477 3084 Severus:
503 3040 551 3082 :aa
573 3049 628 3081 nero
653 3033 753 3081 idacius
801 3033 887 3094 1237);

226 3120 296 3175 atque
306 3115 414 3161 ithacius
423 3113 505 3160 uerius
521 3113 616 3169 instare,
630 3111 752 3157 arbitrare·
825 3109 1055 3156 Qulflnomeuunuum
1062 3108 1288 3150 soeluumoriocdit:

226 3195 336 3250 tesposre
349 3191 410 3236 inter
423 3189 494 3235 initia
509 3188 596 3234 ndum
611 3184 750 3245 comprimi:
801 3182 996 3230 etdeIra1.14.
1009 3195 1055 3228 noa
1065 3181 1228 3242 ertpnsdentis
1241 3196 1327 3229 erran-

226 3440 257 3492 in
278 3437 328 3492 the
343 3438 460 3507 jndicial
473 3454 568 3509 power
585 3437 695 3506 against
715 3435 790 3490 their
807 3433 996 3494 adversaries:
1020 3432 1083 3485 itis
1101 3433 1190 3496 rietus,
1203 3430 1240 3485 ha
1254 3447 1329 3502 says,

226 3526 285 3579 that
307 3525 374 3576 their
394 3542 456 3593 cocy
477 3525 500 3576 ie
521 3532 567 3576 not
586 3524 684 3592 picus:
713 3520 860 3589 referring,
881 3516 1003 3576 Ithinlr,
1022 3522 1053 3570 to
1075 3517 1137 3569 Gal.
1158 3518 1193 3570 iv.
1212 3522 1260 3570 29:
1288 3518 1329 3572 Aa

228 3612 296 3673 then,
311 3610 340 3662 he
355 3610 412 3663 ctat
427 3626 482 3662 was
494 3610 562 3661 born
579 3608 707 3680 astartis
720 3606 789 3676 fleat
800 3603 952 3674 persecutori
964 3602 1019 3653 tim
1034 3603 1092 3654 that
1103 3620 1159 3655 was
1174 3604 1241 3654 born
1252 3604 1330 3673 aster

226 3697 269 3749 tire
279 3695 367 3764 spirit,
380 3710 440 3747 econ
451 3710 479 3746 so
493 3693 514 3746 it
526 3693 549 3746 ia
562 3711 630 3746 now.
663 3693 697 3746 In
713 3691 795 3753 Gaul,
806 3688 856 3743 the
868 3686 982 3757 biahops
993 3701 1066 3739 were
1077 3686 1251 3739 condemned
1264 3688 1329 3742 who

227 3780 295 3834 need
312 3779 360 3833 the
375 3777 464 3832 sword
479 3779 588 3848 against
602 3776 651 3831 the
666 3775 885 3836 Priscillianiste3
900 3771 955 3824 and
971 3772 1000 3823 in
1015 3770 1064 3824 the
1079 3776 1147 3833 east,
1165 3771 1215 3824 tho
1230 3772 1329 3843 Synod

227 3864 317 3920 which
332 3864 434 3935 agreed
449 3870 479 3918 to
494 3862 544 3918 the
561 3863 683 3933 bnming
701 3861 735 3915 of
745 3859 916 3930 Bagomilns.
948 3854 1045 3922 (Plato
1064 3872 1127 3927 says
1147 3857 1249 3928 wlsaly,
1264 3858 1329 3915 that

228 3951 278 4006 the
304 3966 407 4021 proper
431 3949 613 4021 punishment
636 3948 669 4003 oi
689 3946 748 4001 him
775 3946 837 3999 who
863 3945 887 3998 is
913 3943 1038 4013 wrong*,
1063 3943 1087 3997 is
1109 3949 1139 3996 to
1162 3943 1198 3997 bo
1227 3945 1329 4015 taught

228 4036 327 4108 right).

284 4123 331 4176 LI.
366 4128 380 4176 l
393 4121 487 4176 Those
501 4139 565 4192 may
574 4120 611 4176 be
623 4137 702 4175 more
712 4119 802 4190 justly
813 4114 951 4189 punished
963 4115 1025 4171 who
1041 4131 1090 4170 arc
1104 4116 1259 4170 irreverent
1271 4117 1329 4171 aud

229 4208 388 4279 irreligione
401 4208 522 4263 towards
537 4207 618 4261 those
634 4207 724 4260 whom
739 4205 807 4276 they
822 4204 930 4258 believe
944 4209 975 4257 to
989 4202 1026 4257 be
1043 4201 1122 4273 gods.
1161 4201 1229 4255 This
1244 4218 1329 4256 cause

228 4312 332 4367 among
346 4294 441 4351 others
460 4312 516 4350 was
533 4292 662 4348 adduccd
680 4293 725 4347 ior
743 4292 793 4346 tho
812 4290 1037 4362 Peloponuesian
1058 4305 1115 4342 war
1131 4288 1258 4343 botucon
1277 4286 1328 4344 the

551 4416 564 4445 ¹
579 4416 650 4464 Plato
660 4429 723 4478 says,
733 4415 767 4476 os
768 4415 905 4477 ipsorurrce.
936 4412 963 4461 J.
972 4413 1003 4460 B.
