<?xml version="1.0" encoding="UTF-8"?>
<!DOCTYPE html PUBLIC "-//W3C//DTD XHTML 1.0 Transitional//EN"
    "http://www.w3.org/TR/xhtml1/DTD/xhtml1-transitional.dtd">
<html xmlns="http://www.w3.org/1999/xhtml" xml:lang="en" lang="en">
 <head>
  <title>
</title>
<meta http-equiv="Content-Type" content="text/html;charset=utf-8" />
  <meta name='ocr-system' content='tesseract 3.04.00' />
  <meta name='ocr-capabilities' content='ocr_page ocr_carea ocr_par ocr_line ocrx_word'/>
</head>
<body>
  <div class='ocr_page' id='page_1' title='image "./hugonisgrotiide03barbgoog_0373.png"; bbox 0 0 2834 4920; ppageno 0'>
   <div class='ocr_carea' id='block_1_1' title="bbox 124 252 1225 337">
    <p class='ocr_par' dir='ltr' id='par_1_1' title="bbox 124 252 1225 337">
     <span class='ocr_line' id='line_1_1' title="bbox 124 252 1225 337; baseline -0.011 -11"><span class='ocrx_word' id='word_1_1' title='bbox 124 270 192 326; x_wconf 72' lang='lat' dir='ltr'><strong>Oen.</strong></span> <span class='ocrx_word' id='word_1_2' title='bbox 206 261 304 337; x_wconf 73' lang='lat' dir='ltr'><strong>xxi]</strong></span> <span class='ocrx_word' id='word_1_3' title='bbox 343 265 396 320; x_wconf 84' lang='lat' dir='ltr'><strong>DE</strong></span> <span class='ocrx_word' id='word_1_4' title='bbox 417 262 622 319; x_wconf 73' lang='lat' dir='ltr'><strong>POENARUM</strong></span> <span class='ocrx_word' id='word_1_5' title='bbox 645 260 1009 318; x_wconf 77' lang='lat' dir='ltr'><strong>COMMUNIOATIONE.</strong></span> <span class='ocrx_word' id='word_1_6' title='bbox 1162 252 1225 316; x_wconf 83' lang='lat'><strong>355</strong></span> 
     </span>
    </p>
   </div>
   <div class='ocr_carea' id='block_1_2' title="bbox 340 430 878 676">
    <p class='ocr_par' dir='ltr' id='par_1_2' title="bbox 340 430 878 676">
     <span class='ocr_line' id='line_1_2' title="bbox 340 430 878 505; baseline -0.009 -16"><span class='ocrx_word' id='word_1_7' title='bbox 340 436 413 498; x_wconf 84' lang='lat' dir='ltr'><strong>ileu,</strong></span> <span class='ocrx_word' id='word_1_8' title='bbox 430 433 600 505; x_wconf 77' lang='lat' dir='ltr'><strong>Cecropidae,</strong></span> <span class='ocrx_word' id='word_1_9' title='bbox 615 432 690 486; x_wconf 85' lang='lat' dir='ltr'><strong>mule</strong></span> <span class='ocrx_word' id='word_1_10' title='bbox 705 431 795 486; x_wconf 85' lang='lat' dir='ltr'><strong>multe</strong></span> <span class='ocrx_word' id='word_1_11' title='bbox 809 430 878 485; x_wconf 81' lang='lat' dir='ltr'><strong>tuti:</strong></span> 
     </span>
     <span class='ocr_line' id='line_1_3' title="bbox 342 517 861 592; baseline -0.01 -17"><span class='ocrx_word' id='word_1_12' title='bbox 342 520 398 575; x_wconf 83' lang='lat' dir='ltr'><strong>Sed</strong></span> <span class='ocrx_word' id='word_1_13' title='bbox 413 537 516 592; x_wconf 89' lang='lat' dir='ltr'><strong>nempe</strong></span> <span class='ocrx_word' id='word_1_14' title='bbox 532 519 598 573; x_wconf 84' lang='lat' dir='ltr'><strong>tuli:</strong></span> <span class='ocrx_word' id='word_1_15' title='bbox 622 519 700 572; x_wconf 89' lang='lat' dir='ltr'><strong>Deus</strong></span> <span class='ocrx_word' id='word_1_16' title='bbox 714 524 758 572; x_wconf 90' lang='lat' dir='ltr'><strong>est</strong></span> <span class='ocrx_word' id='word_1_17' title='bbox 772 517 861 582; x_wconf 88' lang='lat' dir='ltr'><strong>testis,</strong></span> 
     </span>
     <span class='ocr_line' id='line_1_4' title="bbox 340 605 819 676; baseline -0.008 -16"><span class='ocrx_word' id='word_1_18' title='bbox 340 605 420 660; x_wconf 86' lang='lat' dir='ltr'><strong>Nihil</strong></span> <span class='ocrx_word' id='word_1_19' title='bbox 435 605 536 660; x_wconf 89' lang='lat' dir='ltr'><strong>horum</strong></span> <span class='ocrx_word' id='word_1_20' title='bbox 550 611 651 676; x_wconf 85' lang='lat' dir='ltr'><strong>sponte</strong></span> <span class='ocrx_word' id='word_1_21' title='bbox 665 609 819 676; x_wconf 82' lang='lat' dir='ltr'><strong>petreium.</strong></span> 
     </span>
    </p>
   </div>
   <div class='ocr_carea' id='block_1_3' title="bbox 125 709 834 802">
    <p class='ocr_par' dir='ltr' id='par_1_3' title="bbox 125 709 834 802">
     <span class='ocr_line' id='line_1_5' title="bbox 125 709 834 802; baseline -0.011 -21"><span class='ocrx_word' id='word_1_22' title='bbox 125 712 307 802; x_wconf 76' lang='lat' dir='ltr'><strong>Respondet</strong></span> <span class='ocrx_word' id='word_1_23' title='bbox 324 713 463 778; x_wconf 78' lang='lat' dir='ltr'>Theseus</span> <span class='ocrx_word' id='word_1_24' title='bbox 479 713 574 795; x_wconf 85' lang='lat' dir='ltr'><strong>(vers.</strong></span> <span class='ocrx_word' id='word_1_25' title='bbox 593 711 670 787; x_wconf 77' lang='lat'><strong>565,</strong></span> <span class='ocrx_word' id='word_1_26' title='bbox 687 717 720 774; x_wconf 91' lang='lat' dir='ltr'><strong>et</strong></span> <span class='ocrx_word' id='word_1_27' title='bbox 736 709 834 793; x_wconf 88' lang='lat' dir='ltr'><strong>seq.):</strong></span> 
     </span>
    </p>
   </div>
   <div class='ocr_carea' id='block_1_4' title="bbox 341 826 1025 1060">
    <p class='ocr_par' dir='ltr' id='par_1_4' title="bbox 341 826 1025 1060">
     <span class='ocr_line' id='line_1_6' title="bbox 341 826 1025 903; baseline -0.006 -16"><span class='ocrx_word' id='word_1_28' title='bbox 341 831 409 888; x_wconf 83' lang='lat' dir='ltr'><strong>Non</strong></span> <span class='ocrx_word' id='word_1_29' title='bbox 423 847 469 886; x_wconf 87' lang='lat' dir='ltr'><strong>me</strong></span> <span class='ocrx_word' id='word_1_30' title='bbox 483 829 599 903; x_wconf 82' lang='lat' dir='ltr'><strong>pigebst</strong></span> <span class='ocrx_word' id='word_1_31' title='bbox 612 826 760 901; x_wconf 84' lang='lat' dir='ltr'><strong>hospitem.</strong></span> <span class='ocrx_word' id='word_1_32' title='bbox 775 827 897 898; x_wconf 76' lang='lat' dir='ltr'><strong>quulem,</strong></span> <span class='ocrx_word' id='word_1_33' title='bbox 912 826 1025 900; x_wconf 87' lang='lat' dir='ltr'><strong>OEdipe‚</strong></span> 
     </span>
     <span class='ocr_line' id='line_1_7' title="bbox 342 914 925 986; baseline -0.015 -12"><span class='ocrx_word' id='word_1_34' title='bbox 342 919 384 974; x_wconf 89' lang='grc' dir='ltr'><strong>Το</strong></span> <span class='ocrx_word' id='word_1_35' title='bbox 398 924 489 982; x_wconf 87' lang='lat' dir='ltr'><strong>tueor,</strong></span> <span class='ocrx_word' id='word_1_36' title='bbox 502 916 579 971; x_wconf 90' lang='lat' dir='ltr'><strong>omni</strong></span> <span class='ocrx_word' id='word_1_37' title='bbox 593 915 730 986; x_wconf 70' lang='lat' dir='ltr'><strong>sospitare</strong></span> <span class='ocrx_word' id='word_1_38' title='bbox 744 914 775 967; x_wconf 89' lang='lat' dir='ltr'><strong>iu</strong></span> <span class='ocrx_word' id='word_1_39' title='bbox 789 920 925 984; x_wconf 86' lang='lat' dir='ltr'><strong>tempore,</strong></span> 
     </span>
     <span class='ocr_line' id='line_1_8' title="bbox 342 1002 649 1060; baseline -0.016 0"><span class='ocrx_word' id='word_1_40' title='bbox 342 1005 437 1060; x_wconf 84' lang='lat' dir='ltr'><strong>Homo</strong></span> <span class='ocrx_word' id='word_1_41' title='bbox 451 1018 512 1058; x_wconf 90' lang='lat' dir='ltr'><strong>csse</strong></span> <span class='ocrx_word' id='word_1_42' title='bbox 526 1002 649 1056; x_wconf 82' lang='lat' dir='ltr'><strong>memini.</strong></span> 
     </span>
    </p>
   </div>
   <div class='ocr_carea' id='block_1_5' title="bbox 128 1089 1228 1477">
    <p class='ocr_par' dir='ltr' id='par_1_5' title="bbox 128 1089 1228 1292">
     <span class='ocr_line' id='line_1_9' title="bbox 129 1089 1228 1187; baseline -0.006 -15"><span class='ocrx_word' id='word_1_43' title='bbox 129 1103 278 1172; x_wconf 85' lang='lat' dir='ltr'><strong>Similiter</strong></span> <span class='ocrx_word' id='word_1_44' title='bbox 293 1100 409 1168; x_wconf 87' lang='lat' dir='ltr'><strong>Thesei</strong></span> <span class='ocrx_word' id='word_1_45' title='bbox 425 1101 506 1166; x_wconf 84' lang='lat' dir='ltr'><strong>filius</strong></span> <span class='ocrx_word' id='word_1_46' title='bbox 518 1099 714 1187; x_wconf 88' lang='lat' dir='ltr'>Demophon,</span> <span class='ocrx_word' id='word_1_47' title='bbox 732 1089 822 1164; x_wconf 69' lang='lat' dir='ltr'><strong>‘oum</strong></span> <span class='ocrx_word' id='word_1_48' title='bbox 839 1095 985 1163; x_wconf 85' lang='lat' dir='ltr'><strong>Herculis</strong></span> <span class='ocrx_word' id='word_1_49' title='bbox 1001 1097 1117 1186; x_wconf 79' lang='lat' dir='ltr'><strong>posteri</strong></span> <span class='ocrx_word' id='word_1_50' title='bbox 1130 1098 1228 1166; x_wconf 81' lang='lat' dir='ltr'><strong>Athe-</strong></span> 
     </span>
     <span class='ocr_line' id='line_1_10' title="bbox 128 1198 557 1292; baseline -0.012 -22"><span class='ocrx_word' id='word_1_51' title='bbox 128 1227 184 1272; x_wconf 83' lang='lat' dir='ltr'><strong>nus</strong></span> <span class='ocrx_word' id='word_1_52' title='bbox 201 1202 419 1292; x_wconf 72' lang='lat' dir='ltr'><strong>confugissent,</strong></span> <span class='ocrx_word' id='word_1_53' title='bbox 434 1200 478 1266; x_wconf 89' lang='lat' dir='ltr'><strong>sic</strong></span> <span class='ocrx_word' id='word_1_54' title='bbox 495 1198 557 1266; x_wconf 86' lang='lat' dir='ltr'><strong>sit:</strong></span> 
     </span>
    </p>

    <p class='ocr_par' dir='ltr' id='par_1_6' title="bbox 344 1315 1000 1391">
     <span class='ocr_line' id='line_1_11' title="bbox 344 1315 1000 1391; baseline -0.008 -14"><span class='ocrx_word' id='word_1_55' title='bbox 344 1322 413 1377; x_wconf 86' lang='lat' dir='ltr'><strong>iisec</strong></span> <span class='ocrx_word' id='word_1_56' title='bbox 427 1320 521 1391; x_wconf 80' lang='lat' dir='ltr'><strong>petris</strong></span> <span class='ocrx_word' id='word_1_57' title='bbox 534 1323 630 1374; x_wconf 83' lang='lat' dir='ltr'><strong>nostre</strong></span> <span class='ocrx_word' id='word_1_58' title='bbox 644 1332 756 1389; x_wconf 84' lang='lat' dir='ltr'><strong>semper</strong></span> <span class='ocrx_word' id='word_1_59' title='bbox 769 1315 905 1372; x_wconf 75' lang='lat' dir='ltr'><strong>invalidos</strong></span> <span class='ocrx_word' id='word_1_60' title='bbox 919 1317 1000 1382; x_wconf 85' lang='lat' dir='ltr'><strong>solet,</strong></span> 
     </span>
    </p>

    <p class='ocr_par' dir='ltr' id='par_1_7' title="bbox 346 1403 900 1477">
     <span class='ocr_line' id='line_1_12' title="bbox 346 1403 900 1477; baseline -0.009 -14"><span class='ocrx_word' id='word_1_61' title='bbox 346 1407 403 1463; x_wconf 82' lang='lat' dir='ltr'><strong>Sed</strong></span> <span class='ocrx_word' id='word_1_62' title='bbox 414 1408 479 1477; x_wconf 87' lang='lat' dir='ltr'><strong>jure</strong></span> <span class='ocrx_word' id='word_1_63' title='bbox 494 1405 590 1469; x_wconf 81' lang='lat' dir='ltr'><strong>fretos,</strong></span> <span class='ocrx_word' id='word_1_64' title='bbox 605 1420 659 1475; x_wconf 90' lang='lat' dir='ltr'><strong>ope</strong></span> <span class='ocrx_word' id='word_1_65' title='bbox 673 1419 724 1457; x_wconf 85' lang='lat' dir='ltr'><strong>sue</strong></span> <span class='ocrx_word' id='word_1_66' title='bbox 739 1403 900 1458; x_wconf 78' lang='lat' dir='ltr'><strong>defendere.</strong></span> 
     </span>
    </p>
   </div>
   <div class='ocr_carea' id='block_1_6' title="bbox 129 1489 1231 2359">
    <p class='ocr_par' dir='ltr' id='par_1_8' title="bbox 344 1489 925 1549">
     <span class='ocr_line' id='line_1_13' title="bbox 344 1489 925 1549; baseline -0.003 -3"><span class='ocrx_word' id='word_1_67' title='bbox 344 1492 472 1549; x_wconf 78' lang='lat' dir='ltr'><strong>Antehac</strong></span> <span class='ocrx_word' id='word_1_68' title='bbox 486 1492 583 1546; x_wconf 72' lang='lat' dir='ltr'><strong>amicis</strong></span> <span class='ocrx_word' id='word_1_69' title='bbox 597 1489 674 1543; x_wconf 89' lang='lat' dir='ltr'><strong>mille</strong></span> <span class='ocrx_word' id='word_1_70' title='bbox 687 1489 844 1544; x_wconf 75' lang='lat' dir='ltr'><strong>relevandis</strong></span> <span class='ocrx_word' id='word_1_71' title='bbox 860 1489 925 1544; x_wconf 90' lang='lat' dir='ltr'><strong>tulit</strong></span> 
     </span>
    </p>

    <p class='ocr_par' dir='ltr' id='par_1_9' title="bbox 129 1575 1231 2259">
     <span class='ocr_line' id='line_1_14' title="bbox 345 1575 1068 1647; baseline -0.003 -13"><span class='ocrx_word' id='word_1_72' title='bbox 345 1577 527 1634; x_wconf 74' lang='lat' dir='ltr'><strong>Discrimina:</strong></span> <span class='ocrx_word' id='word_1_73' title='bbox 548 1582 577 1632; x_wconf 93' lang='lat' dir='ltr'><strong>et</strong></span> <span class='ocrx_word' id='word_1_74' title='bbox 589 1592 664 1630; x_wconf 89' lang='lat' dir='ltr'><strong>nuuc</strong></span> <span class='ocrx_word' id='word_1_75' title='bbox 675 1575 751 1629; x_wconf 82' lang='lat' dir='ltr'><strong>eliud</strong></span> <span class='ocrx_word' id='word_1_76' title='bbox 764 1575 794 1628; x_wconf 92' lang='lat' dir='ltr'><strong>in</strong></span> <span class='ocrx_word' id='word_1_77' title='bbox 805 1582 920 1647; x_wconf 89' lang='lat' dir='ltr'><strong>promtu</strong></span> <span class='ocrx_word' id='word_1_78' title='bbox 931 1575 1068 1632; x_wconf 83' lang='lat' dir='ltr'><strong>imminet.</strong></span> 
     </span>
     <span class='ocr_line' id='line_1_15' title="bbox 129 1673 1229 1765; baseline -0.005 -20"><span class='ocrx_word' id='word_1_79' title='bbox 129 1680 173 1745; x_wconf 84' lang='lat' dir='ltr'><strong>Iit</strong></span> <span class='ocrx_word' id='word_1_80' title='bbox 189 1679 249 1742; x_wconf 90' lang='lat' dir='ltr'><strong>hoo</strong></span> <span class='ocrx_word' id='word_1_81' title='bbox 265 1676 341 1743; x_wconf 90' lang='lat' dir='ltr'><strong>illud</strong></span> <span class='ocrx_word' id='word_1_82' title='bbox 363 1676 479 1742; x_wconf 82' lang='lat' dir='ltr'><strong>fectum</strong></span> <span class='ocrx_word' id='word_1_83' title='bbox 503 1683 560 1752; x_wconf 91' lang='lat' dir='ltr'><strong>est,</strong></span> <span class='ocrx_word' id='word_1_84' title='bbox 586 1674 626 1740; x_wconf 93' lang='lat' dir='ltr'><strong>ob</strong></span> <span class='ocrx_word' id='word_1_85' title='bbox 651 1673 734 1765; x_wconf 87' lang='lat' dir='ltr'><strong>quod</strong></span> <span class='ocrx_word' id='word_1_86' title='bbox 751 1673 958 1739; x_wconf 86' lang='lat' dir='ltr'><strong>Athenienses</strong></span> <span class='ocrx_word' id='word_1_87' title='bbox 975 1674 1132 1762; x_wconf 72' lang='lat' dir='ltr'><strong>precipue</strong></span> <span class='ocrx_word' id='word_1_88' title='bbox 1148 1698 1229 1762; x_wconf 86' lang='lat' dir='ltr'><strong>prae-</strong></span> 
     </span>
     <span class='ocr_line' id='line_1_16' title="bbox 129 1768 1231 1868; baseline -0.001 -25"><span class='ocrx_word' id='word_1_89' title='bbox 129 1777 253 1844; x_wconf 78' lang='lat' dir='ltr'><strong>dicebat</strong></span> <span class='ocrx_word' id='word_1_90' title='bbox 278 1776 503 1843; x_wconf 74' lang='lat' dir='ltr'><strong>Callisthenes:</strong></span> <span class='ocrx_word' id='word_1_91' title='bbox 528 1769 666 1845; x_wconf 69' lang='grc' dir='ltr'>τούτους</span> <span class='ocrx_word' id='word_1_92' title='bbox 692 1768 763 1864; x_wconf 72' lang='lat' dir='ltr'><strong>‘peip</strong></span> <span class='ocrx_word' id='word_1_93' title='bbox 788 1771 838 1840; x_wconf 79' lang='lat' dir='ltr'><strong>uui</strong></span> <span class='ocrx_word' id='word_1_94' title='bbox 867 1769 946 1864; x_wconf 71' lang='grc' dir='ltr'>πρὸς</span> <span class='ocrx_word' id='word_1_95' title='bbox 974 1770 1145 1868; x_wconf 69' lang='grc' dir='ltr'>Εὐρυσθέα</span> <span class='ocrx_word' id='word_1_96' title='bbox 1168 1806 1231 1844; x_wconf 78' lang='grc' dir='ltr'><strong>το·</strong></span> 
     </span>
     <span class='ocr_line' id='line_1_17' title="bbox 129 1866 1231 1970; baseline -0.001 -24"><span class='ocrx_word' id='word_1_97' title='bbox 129 1879 270 1959; x_wconf 76' lang='grc' dir='ltr'>λεμῆσαι</span> <span class='ocrx_word' id='word_1_98' title='bbox 290 1872 375 1970; x_wconf 71' lang='grc' dir='ltr'>ὑπὲρ</span> <span class='ocrx_word' id='word_1_99' title='bbox 400 1877 468 1942; x_wconf 82' lang='grc' dir='ltr'><strong>τῶν</strong></span> <span class='ocrx_word' id='word_1_100' title='bbox 490 1867 614 1943; x_wconf 73' lang='grc' dir='ltr'>παίδων</span> <span class='ocrx_word' id='word_1_101' title='bbox 637 1875 699 1941; x_wconf 80' lang='grc' dir='ltr'><strong>τοῦ</strong></span> <span class='ocrx_word' id='word_1_102' title='bbox 722 1866 927 1964; x_wconf 66' lang='grc' dir='ltr'>Ἡρακλέους</span> <span class='ocrx_word' id='word_1_103' title='bbox 949 1877 1170 1965; x_wconf 79' lang='grc' dir='ltr'>τυραννοῦντα</span> <span class='ocrx_word' id='word_1_104' title='bbox 1194 1872 1231 1945; x_wconf 78' lang='grc' dir='ltr'><strong>ἐν</strong></span> 
     </span>
     <span class='ocr_line' id='line_1_18' title="bbox 129 1966 1231 2067; baseline -0.002 -27"><span class='ocrx_word' id='word_1_105' title='bbox 129 1978 179 2067; x_wconf 75' lang='grc' dir='ltr'><strong>τῷ</strong></span> <span class='ocrx_word' id='word_1_106' title='bbox 206 1970 292 2044; x_wconf 72' lang='grc' dir='ltr'>τότε</span> <span class='ocrx_word' id='word_1_107' title='bbox 319 1979 376 2055; x_wconf 83' lang='grc' dir='ltr'><strong>τῆς</strong></span> <span class='ocrx_word' id='word_1_108' title='bbox 398 1966 575 2046; x_wconf 67' lang='grc' dir='ltr'>Ἕλλαδος·</span> <span class='ocrx_word' id='word_1_109' title='bbox 599 1974 656 2037; x_wconf 78' lang='lat' dir='ltr'><strong>hos</strong></span> <span class='ocrx_word' id='word_1_110' title='bbox 677 1973 761 2037; x_wconf 82' lang='lat' dir='ltr'><strong>enim</strong></span> <span class='ocrx_word' id='word_1_111' title='bbox 784 1983 814 2036; x_wconf 83' lang='lat' dir='ltr'><strong>et</strong></span> <span class='ocrx_word' id='word_1_112' title='bbox 838 1973 875 2035; x_wconf 80' lang='lat' dir='ltr'><strong>iu</strong></span> <span class='ocrx_word' id='word_1_113' title='bbox 896 1973 1086 2056; x_wconf 76' lang='lat' dir='ltr'><strong>Eurysthea</strong></span> <span class='ocrx_word' id='word_1_114' title='bbox 1114 1976 1231 2040; x_wconf 81' lang='lat' dir='ltr'><strong>bellum</strong></span> 
     </span>
     <span class='ocr_line' id='line_1_19' title="bbox 129 2067 1230 2162; baseline -0.001 -20"><span class='ocrx_word' id='word_1_115' title='bbox 129 2078 304 2162; x_wconf 65' lang='lat' dir='ltr'><strong>accepisse</strong></span> <span class='ocrx_word' id='word_1_116' title='bbox 336 2067 415 2161; x_wconf 67' lang='lat' dir='ltr'><strong>“pre</strong></span> <span class='ocrx_word' id='word_1_117' title='bbox 444 2073 602 2140; x_wconf 83' lang='lat' dir='ltr'><strong>Herculis</strong></span> <span class='ocrx_word' id='word_1_118' title='bbox 636 2071 757 2152; x_wconf 84' lang='lat' dir='ltr'><strong>liberis,</strong></span> <span class='ocrx_word' id='word_1_119' title='bbox 792 2093 869 2136; x_wconf 82' lang='lat' dir='ltr'><strong>eum</strong></span> <span class='ocrx_word' id='word_1_120' title='bbox 906 2071 1074 2138; x_wconf 62' lang='lat' dir='ltr'><strong>Graedom</strong></span> <span class='ocrx_word' id='word_1_121' title='bbox 1102 2076 1230 2159; x_wconf 80' lang='lat' dir='ltr'><strong>Eurye-</strong></span> 
     </span>
     <span class='ocr_line' id='line_1_20' title="bbox 132 2176 593 2259; baseline -0.004 -19"><span class='ocrx_word' id='word_1_122' title='bbox 132 2177 222 2240; x_wconf 79' lang='lat' dir='ltr'><strong>thcue</strong></span> <span class='ocrx_word' id='word_1_123' title='bbox 239 2176 413 2259; x_wconf 77' lang='lat' dir='ltr'><strong>tyrannide</strong></span> <span class='ocrx_word' id='word_1_124' title='bbox 424 2184 593 2258; x_wconf 81' lang='lat' dir='ltr'><strong>premeret.</strong></span> 
     </span>
    </p>

    <p class='ocr_par' dir='ltr' id='par_1_10' title="bbox 206 2266 1151 2359">
     <span class='ocr_line' id='line_1_21' title="bbox 206 2266 1151 2359; baseline 0.004 -23"><span class='ocrx_word' id='word_1_125' title='bbox 206 2275 229 2336; x_wconf 88' lang='grc'><strong>3</strong></span> <span class='ocrx_word' id='word_1_126' title='bbox 264 2273 382 2338; x_wconf 75' lang='lat' dir='ltr'><strong>Contra</strong></span> <span class='ocrx_word' id='word_1_127' title='bbox 396 2272 436 2337; x_wconf 89' lang='lat' dir='ltr'><strong>de</strong></span> <span class='ocrx_word' id='word_1_128' title='bbox 452 2270 599 2336; x_wconf 78' lang='lat' dir='ltr'><strong>maleficis</strong></span> <span class='ocrx_word' id='word_1_129' title='bbox 613 2269 673 2334; x_wconf 88' lang='lat' dir='ltr'><strong>hoc</strong></span> <span class='ocrx_word' id='word_1_130' title='bbox 688 2266 786 2333; x_wconf 85' lang='lat' dir='ltr'><strong>hebes</strong></span> <span class='ocrx_word' id='word_1_131' title='bbox 801 2267 834 2332; x_wconf 89' lang='lat' dir='ltr'><strong>iu</strong></span> <span class='ocrx_word' id='word_1_132' title='bbox 851 2268 960 2334; x_wconf 86' lang='lat' dir='ltr'><strong>eedem</strong></span> <span class='ocrx_word' id='word_1_133' title='bbox 978 2271 1151 2359; x_wconf 70' lang='lat' dir='ltr'><strong>tragoedis:</strong></span> 
     </span>
    </p>
   </div>
   <div class='ocr_carea' id='block_1_7' title="bbox 345 2388 1007 2721">
    <p class='ocr_par' dir='ltr' id='par_1_11' title="bbox 345 2388 1007 2721">
     <span class='ocr_line' id='line_1_22' title="bbox 346 2388 1005 2462; baseline -0.002 -17"><span class='ocrx_word' id='word_1_134' title='bbox 346 2390 431 2446; x_wconf 89' lang='lat' dir='ltr'><strong>iluno</strong></span> <span class='ocrx_word' id='word_1_135' title='bbox 446 2391 492 2462; x_wconf 90' lang='lat' dir='ltr'><strong>qui</strong></span> <span class='ocrx_word' id='word_1_136' title='bbox 508 2389 665 2444; x_wconf 76' lang='lat' dir='ltr'><strong>sucinorum</strong></span> <span class='ocrx_word' id='word_1_137' title='bbox 680 2388 814 2452; x_wconf 84' lang='lat' dir='ltr'><strong>conscius,</strong></span> <span class='ocrx_word' id='word_1_138' title='bbox 829 2404 881 2442; x_wconf 90' lang='lat' dir='ltr'><strong>neo</strong></span> <span class='ocrx_word' id='word_1_139' title='bbox 896 2388 1005 2458; x_wconf 85' lang='lat' dir='ltr'><strong>legibus</strong></span> 
     </span>
     <span class='ocr_line' id='line_1_23' title="bbox 347 2474 965 2545; baseline -0.006 -14"><span class='ocrx_word' id='word_1_140' title='bbox 347 2477 451 2532; x_wconf 79' lang='lat' dir='ltr'><strong>Fidens</strong></span> <span class='ocrx_word' id='word_1_141' title='bbox 467 2476 503 2531; x_wconf 88' lang='lat' dir='ltr'><strong>ed</strong></span> <span class='ocrx_word' id='word_1_142' title='bbox 519 2493 581 2530; x_wconf 86' lang='lat' dir='ltr'><strong>eres</strong></span> <span class='ocrx_word' id='word_1_143' title='bbox 595 2474 716 2531; x_wconf 78' lang='lat' dir='ltr'><strong>volvitur</strong></span> <span class='ocrx_word' id='word_1_144' title='bbox 730 2474 848 2545; x_wconf 87' lang='lat' dir='ltr'><strong>supplex</strong></span> <span class='ocrx_word' id='word_1_145' title='bbox 863 2474 965 2538; x_wconf 84' lang='lat' dir='ltr'><strong>Deum,</strong></span> 
     </span>
     <span class='ocr_line' id='line_1_24' title="bbox 349 2559 966 2630; baseline -0.005 -13"><span class='ocrx_word' id='word_1_146' title='bbox 349 2562 473 2618; x_wconf 75' lang='lat' dir='ltr'><strong>Trahere</strong></span> <span class='ocrx_word' id='word_1_147' title='bbox 488 2562 524 2617; x_wconf 85' lang='lat' dir='ltr'><strong>ed</strong></span> <span class='ocrx_word' id='word_1_148' title='bbox 539 2560 663 2616; x_wconf 85' lang='lat' dir='ltr'><strong>trihunsl</strong></span> <span class='ocrx_word' id='word_1_149' title='bbox 677 2559 755 2613; x_wconf 90' lang='lat' dir='ltr'><strong>nullu</strong></span> <span class='ocrx_word' id='word_1_150' title='bbox 770 2560 868 2630; x_wconf 82' lang='lat' dir='ltr'><strong>religio</strong></span> <span class='ocrx_word' id='word_1_151' title='bbox 882 2559 966 2614; x_wconf 72' lang='lat' dir='ltr'><strong>mihis</strong></span> 
     </span>
     <span class='ocr_line' id='line_1_25' title="bbox 345 2645 1007 2721; baseline -0.005 -16"><span class='ocrx_word' id='word_1_152' title='bbox 345 2649 424 2704; x_wconf 82' lang='lat' dir='ltr'><strong>Meis</strong></span> <span class='ocrx_word' id='word_1_153' title='bbox 437 2664 549 2721; x_wconf 84' lang='lat' dir='ltr'><strong>semper</strong></span> <span class='ocrx_word' id='word_1_154' title='bbox 561 2663 673 2720; x_wconf 76' lang='lat' dir='ltr'><strong>aequrm</strong></span> <span class='ocrx_word' id='word_1_155' title='bbox 688 2645 765 2700; x_wconf 84' lang='lat' dir='ltr'><strong>terre</strong></span> <span class='ocrx_word' id='word_1_156' title='bbox 779 2646 828 2717; x_wconf 89' lang='lat' dir='ltr'><strong>qui</strong></span> <span class='ocrx_word' id='word_1_157' title='bbox 842 2645 911 2701; x_wconf 83' lang='lat' dir='ltr'><strong>fecit</strong></span> <span class='ocrx_word' id='word_1_158' title='bbox 924 2646 1007 2702; x_wconf 83' lang='lat' dir='ltr'><strong>mele.</strong></span> 
     </span>
    </p>
   </div>
   <div class='ocr_carea' id='block_1_8' title="bbox 129 2787 1235 3519">
    <p class='ocr_par' dir='ltr' id='par_1_12' title="bbox 129 2787 1235 3519">
     <span class='ocr_line' id='line_1_26' title="bbox 131 2787 1235 2852; baseline -0.005 -12"><span class='ocrx_word' id='word_1_159' title='bbox 131 2792 232 2852; x_wconf 77' lang='lat' dir='ltr'><strong>Gsptue</strong></span> <span class='ocrx_word' id='word_1_160' title='bbox 245 2791 324 2852; x_wconf 81' lang='lat' dir='ltr'><strong>perire</strong></span> <span class='ocrx_word' id='word_1_161' title='bbox 337 2805 420 2838; x_wconf 86' lang='lat' dir='ltr'><strong>omues</strong></span> <span class='ocrx_word' id='word_1_162' title='bbox 433 2790 527 2837; x_wconf 84' lang='lat' dir='ltr'><strong>mslnnt</strong></span> <span class='ocrx_word' id='word_1_163' title='bbox 537 2802 610 2850; x_wconf 86' lang='lat' dir='ltr'><strong>qnsm</strong></span> <span class='ocrx_word' id='word_1_164' title='bbox 621 2787 657 2834; x_wconf 89' lang='lat' dir='ltr'><strong>n·</strong></span> <span class='ocrx_word' id='word_1_165' title='bbox 706 2787 866 2846; x_wconf 71' lang='lat' dir='ltr'><strong>adducuntur,</strong></span> <span class='ocrx_word' id='word_1_166' title='bbox 880 2790 938 2834; x_wconf 88' lang='lat' dir='ltr'><strong>sunt</strong></span> <span class='ocrx_word' id='word_1_167' title='bbox 950 2802 981 2834; x_wconf 83' lang='lat' dir='ltr'><strong>ex</strong></span> <span class='ocrx_word' id='word_1_168' title='bbox 995 2788 1089 2835; x_wconf 75' lang='lat' dir='ltr'><strong>incerte</strong></span> <span class='ocrx_word' id='word_1_169' title='bbox 1102 2787 1235 2849; x_wconf 75' lang='lat' dir='ltr'><strong>Trsgoedis</strong></span> 
     </span>
     <span class='ocr_line' id='line_1_27' title="bbox 130 2859 1232 2922; baseline 0.002 -14"><span class='ocrx_word' id='word_1_170' title='bbox 130 2864 254 2922; x_wconf 73' lang='lat' dir='ltr'><strong>digisslem</strong></span> <span class='ocrx_word' id='word_1_171' title='bbox 262 2860 378 2908; x_wconf 84' lang='lat' dir='ltr'><strong>Rornsuis</strong></span> <span class='ocrx_word' id='word_1_172' title='bbox 387 2859 603 2920; x_wconf 77' lang='lat' dir='ltr'><strong>sutLougobsrdis</strong></span> <span class='ocrx_word' id='word_1_173' title='bbox 613 2859 656 2905; x_wconf 86' lang='lat' dir='ltr'><strong>de·</strong></span> <span class='ocrx_word' id='word_1_174' title='bbox 707 2862 838 2922; x_wconf 83' lang='lat' dir='ltr'><strong>Euripidis,</strong></span> <span class='ocrx_word' id='word_1_175' title='bbox 848 2863 914 2922; x_wconf 87' lang='lat' dir='ltr'><strong>spnd</strong></span> <span class='ocrx_word' id='word_1_176' title='bbox 923 2863 1053 2919; x_wconf 80' lang='lat' dir='ltr'><strong>Stobssunu,</strong></span> <span class='ocrx_word' id='word_1_177' title='bbox 1070 2861 1149 2909; x_wconf 81' lang='lat' dir='ltr'><strong>Germ.</strong></span> <span class='ocrx_word' id='word_1_178' title='bbox 1158 2877 1232 2912; x_wconf 66' lang='grc' dir='ltr'><strong>κων.</strong></span> 
     </span>
     <span class='ocr_line' id='line_1_28' title="bbox 130 2933 1233 2997; baseline 0.001 -15"><span class='ocrx_word' id='word_1_179' title='bbox 130 2938 195 2982; x_wconf 83' lang='lat' dir='ltr'><strong>dere.</strong></span> <span class='ocrx_word' id='word_1_180' title='bbox 212 2935 344 2994; x_wconf 87' lang='lat' dir='ltr'><strong>Procopius</strong></span> <span class='ocrx_word' id='word_1_181' title='bbox 356 2934 564 2982; x_wconf 79' lang='lat' dir='ltr'><strong>Gottticercusrv.</strong></span> <span class='ocrx_word' id='word_1_182' title='bbox 579 2933 656 2993; x_wconf 77' lang='lat' dir='ltr'><strong>(Isset.</strong></span> <span class='ocrx_word' id='word_1_183' title='bbox 708 2936 758 2983; x_wconf 83' lang='lat' dir='ltr'><strong>Tit.</strong></span> <span class='ocrx_word' id='word_1_184' title='bbox 768 2935 806 2993; x_wconf 79' lang='grc'><strong>46,</strong></span> <span class='ocrx_word' id='word_1_185' title='bbox 817 2934 856 2995; x_wconf 87' lang='lat' dir='ltr'><strong>[p.</strong></span> <span class='ocrx_word' id='word_1_186' title='bbox 866 2935 933 2996; x_wconf 73' lang='lat' dir='ltr'><strong>cos}</strong></span> <span class='ocrx_word' id='word_1_187' title='bbox 963 2937 1009 2983; x_wconf 82' lang='lat' dir='ltr'><strong>Ed.</strong></span> <span class='ocrx_word' id='word_1_188' title='bbox 1022 2938 1136 2983; x_wconf 80' lang='lat' dir='ltr'><strong>Auctoris</strong></span> <span class='ocrx_word' id='word_1_189' title='bbox 1149 2939 1233 2997; x_wconf 80' lang='lat' dir='ltr'><strong>nostrl,</strong></span> 
     </span>
     <span class='ocr_line' id='line_1_29' title="bbox 129 3009 1233 3070; baseline 0.004 -14"><span class='ocrx_word' id='word_1_190' title='bbox 129 3010 234 3058; x_wconf 76' lang='lat' dir='ltr'><strong>hsssccll.</strong></span> <span class='ocrx_word' id='word_1_191' title='bbox 243 3022 296 3068; x_wconf 84' lang='lat' dir='ltr'><strong>cup.</strong></span> <span class='ocrx_word' id='word_1_192' title='bbox 308 3009 355 3066; x_wconf 74' lang='lat' dir='ltr'><strong>et.)</strong></span> <span class='ocrx_word' id='word_1_193' title='bbox 706 3010 749 3070; x_wconf 90' lang='lat' dir='ltr'><strong>qui</strong></span> <span class='ocrx_word' id='word_1_194' title='bbox 757 3010 814 3056; x_wconf 89' lang='lat' dir='ltr'><strong>inde</strong></span> <span class='ocrx_word' id='word_1_195' title='bbox 824 3011 956 3058; x_wconf 83' lang='lat' dir='ltr'><strong>versionem</strong></span> <span class='ocrx_word' id='word_1_196' title='bbox 966 3024 1033 3056; x_wconf 86' lang='lat' dir='ltr'><strong>susm</strong></span> <span class='ocrx_word' id='word_1_197' title='bbox 1044 3011 1091 3057; x_wconf 86' lang='lat' dir='ltr'><strong>huc</strong></span> <span class='ocrx_word' id='word_1_198' title='bbox 1099 3013 1233 3060; x_wconf 71' lang='lat' dir='ltr'><strong>transtulit.</strong></span> 
     </span>
     <span class='ocr_line' id='line_1_30' title="bbox 173 3079 1234 3148; baseline 0.004 -19"><span class='ocrx_word' id='word_1_199' title='bbox 173 3091 185 3119; x_wconf 66' lang='grc' dir='ltr'><strong>θ</strong></span> <span class='ocrx_word' id='word_1_200' title='bbox 198 3083 272 3144; x_wconf 82' lang='lat' dir='ltr'><strong>Apud</strong></span> <span class='ocrx_word' id='word_1_201' title='bbox 281 3081 429 3143; x_wconf 68' lang='lat' dir='ltr'><strong>Sophoclem]</strong></span> <span class='ocrx_word' id='word_1_202' title='bbox 445 3081 508 3128; x_wconf 86' lang='lat' dir='ltr'><strong>Vide</strong></span> <span class='ocrx_word' id='word_1_203' title='bbox 524 3084 604 3127; x_wconf 87' lang='lat' dir='ltr'><strong>totum</strong></span> <span class='ocrx_word' id='word_1_204' title='bbox 619 3079 657 3126; x_wconf 90' lang='lat' dir='ltr'><strong>lc·</strong></span> <span class='ocrx_word' id='word_1_205' title='bbox 707 3083 831 3143; x_wconf 82' lang='lat' dir='ltr'><strong>Incipiunt</strong></span> <span class='ocrx_word' id='word_1_206' title='bbox 845 3084 924 3132; x_wconf 85' lang='lat' dir='ltr'><strong>Grssci</strong></span> <span class='ocrx_word' id='word_1_207' title='bbox 938 3099 1020 3132; x_wconf 77' lang='lat' dir='ltr'><strong>sersus</strong></span> <span class='ocrx_word' id='word_1_208' title='bbox 1031 3085 1079 3133; x_wconf 85' lang='lat' dir='ltr'><strong>its:</strong></span> <span class='ocrx_word' id='word_1_209' title='bbox 1100 3084 1169 3146; x_wconf 74' lang='lat' dir='ltr'><strong>’lipsi</strong></span> <span class='ocrx_word' id='word_1_210' title='bbox 1183 3088 1234 3148; x_wconf 71' lang='lat' dir='ltr'><strong>peip</strong></span> 
     </span>
     <span class='ocr_line' id='line_1_31' title="bbox 130 3156 1206 3220; baseline 0.003 -15"><span class='ocrx_word' id='word_1_211' title='bbox 130 3172 198 3216; x_wconf 67' lang='grc' dir='ltr'><strong>οπως</strong></span> <span class='ocrx_word' id='word_1_212' title='bbox 213 3163 250 3204; x_wconf 77' lang='lat' dir='ltr'><strong>est</strong></span> <span class='ocrx_word' id='word_1_213' title='bbox 260 3157 324 3204; x_wconf 78' lang='lat' dir='ltr'><strong>enim</strong></span> <span class='ocrx_word' id='word_1_214' title='bbox 333 3156 398 3202; x_wconf 81' lang='lat' dir='ltr'><strong>lectu</strong></span> <span class='ocrx_word' id='word_1_215' title='bbox 409 3156 503 3216; x_wconf 74' lang='lat' dir='ltr'><strong>dignus.</strong></span> <span class='ocrx_word' id='word_1_216' title='bbox 707 3156 780 3204; x_wconf 71' lang='lat' dir='ltr'><strong>derce</strong></span> <span class='ocrx_word' id='word_1_217' title='bbox 789 3157 822 3215; x_wconf 70' lang='grc' dir='ltr'><strong>μοὶ</strong></span> <span class='ocrx_word' id='word_1_218' title='bbox 832 3157 924 3204; x_wconf 72' lang='lat' dir='ltr'><strong>tiaram</strong></span> <span class='ocrx_word' id='word_1_219' title='bbox 935 3157 969 3206; x_wconf 71' lang='lat' dir='ltr'><strong>siu</strong></span> <span class='ocrx_word' id='word_1_220' title='bbox 978 3158 1048 3220; x_wconf 67' lang='grc' dir='ltr'>ἀνήρ,</span> <span class='ocrx_word' id='word_1_221' title='bbox 1058 3165 1104 3207; x_wconf 78' lang='lat' dir='ltr'><strong>etc.</strong></span> <span class='ocrx_word' id='word_1_222' title='bbox 1136 3160 1163 3208; x_wconf 86' lang='lat' dir='ltr'><strong>J.</strong></span> <span class='ocrx_word' id='word_1_223' title='bbox 1174 3162 1206 3208; x_wconf 87' lang='lat' dir='ltr'><strong>B.</strong></span> 
     </span>
     <span class='ocr_line' id='line_1_32' title="bbox 174 3229 1235 3296; baseline 0.003 -16"><span class='ocrx_word' id='word_1_224' title='bbox 174 3232 186 3263; x_wconf 73' lang='lat'>⁸</span> <span class='ocrx_word' id='word_1_225' title='bbox 210 3234 267 3280; x_wconf 73' lang='lat' dir='ltr'><strong>lieu</strong></span> <span class='ocrx_word' id='word_1_226' title='bbox 297 3231 451 3292; x_wconf 89' lang='lat' dir='ltr'><strong>Demophon,</strong></span> <span class='ocrx_word' id='word_1_227' title='bbox 487 3230 530 3278; x_wconf 88' lang='lat' dir='ltr'><strong>sed</strong></span> <span class='ocrx_word' id='word_1_228' title='bbox 561 3229 656 3278; x_wconf 80' lang='lat' dir='ltr'><strong>Chorus</strong></span> <span class='ocrx_word' id='word_1_229' title='bbox 749 3230 830 3278; x_wconf 55' lang='lat' dir='ltr'><strong>“Pro</strong></span> <span class='ocrx_word' id='word_1_230' title='bbox 847 3231 961 3280; x_wconf 65' lang='lat' dir='ltr'><strong>Haeclis</strong></span> <span class='ocrx_word' id='word_1_231' title='bbox 979 3233 1073 3296; x_wconf 70' lang='lat' dir='ltr'><strong>literis]</strong></span> <span class='ocrx_word' id='word_1_232' title='bbox 1097 3235 1159 3281; x_wconf 85' lang='lat' dir='ltr'><strong>Vide</strong></span> <span class='ocrx_word' id='word_1_233' title='bbox 1182 3235 1235 3283; x_wconf 81' lang='lat' dir='ltr'><strong>Eu·</strong></span> 
     </span>
     <span class='ocr_line' id='line_1_33' title="bbox 130 3305 1232 3374; baseline 0.004 -17"><span class='ocrx_word' id='word_1_234' title='bbox 130 3310 195 3370; x_wconf 86' lang='lat' dir='ltr'><strong>spnd</strong></span> <span class='ocrx_word' id='word_1_235' title='bbox 208 3309 362 3356; x_wconf 79' lang='lat' dir='ltr'><strong>liunrrrnnsr</strong></span> <span class='ocrx_word' id='word_1_236' title='bbox 380 3305 508 3353; x_wconf 80' lang='lat' dir='ltr'><strong>Heracliti.</strong></span> <span class='ocrx_word' id='word_1_237' title='bbox 526 3318 586 3352; x_wconf 83' lang='lat' dir='ltr'><strong>vers.</strong></span> <span class='ocrx_word' id='word_1_238' title='bbox 604 3307 657 3363; x_wconf 76' lang='lat'><strong>880,</strong></span> <span class='ocrx_word' id='word_1_239' title='bbox 706 3307 808 3367; x_wconf 87' lang='lat' dir='ltr'><strong>ripidsur</strong></span> <span class='ocrx_word' id='word_1_240' title='bbox 827 3307 976 3367; x_wconf 77' lang='lat' dir='ltr'><strong>Heraclidis,</strong></span> <span class='ocrx_word' id='word_1_241' title='bbox 1007 3316 1032 3359; x_wconf 91' lang='lat' dir='ltr'><strong>et</strong></span> <span class='ocrx_word' id='word_1_242' title='bbox 1056 3312 1232 3374; x_wconf 79' lang='lat' dir='ltr'><strong>Apollodomm</strong></span> 
     </span>
     <span class='ocr_line' id='line_1_34' title="bbox 130 3380 1006 3445; baseline 0 -15"><span class='ocrx_word' id='word_1_243' title='bbox 130 3389 152 3430; x_wconf 79' lang='lat' dir='ltr'><strong>et</strong></span> <span class='ocrx_word' id='word_1_244' title='bbox 161 3398 225 3444; x_wconf 79' lang='lat' dir='ltr'><strong>seqq.</strong></span> <span class='ocrx_word' id='word_1_245' title='bbox 248 3383 339 3430; x_wconf 84' lang='lat' dir='ltr'><strong>Versus</strong></span> <span class='ocrx_word' id='word_1_246' title='bbox 348 3386 436 3438; x_wconf 82' lang='lat' dir='ltr'><strong>sutem,</strong></span> <span class='ocrx_word' id='word_1_247' title='bbox 444 3380 487 3441; x_wconf 88' lang='lat' dir='ltr'><strong>qni</strong></span> <span class='ocrx_word' id='word_1_248' title='bbox 496 3383 657 3428; x_wconf 70' lang='lat' dir='ltr'><strong>nexuerunt.</strong></span> <span class='ocrx_word' id='word_1_249' title='bbox 707 3381 785 3443; x_wconf 76' lang='lat' dir='ltr'><strong>(Bet.</strong></span> <span class='ocrx_word' id='word_1_250' title='bbox 796 3382 824 3430; x_wconf 75' lang='lat' dir='ltr'><strong>L.</strong></span> <span class='ocrx_word' id='word_1_251' title='bbox 836 3396 865 3430; x_wconf 86' lang='lat'><strong>11.</strong></span> <span class='ocrx_word' id='word_1_252' title='bbox 876 3396 898 3432; x_wconf 89' lang='lat' dir='ltr'><strong>o.</strong></span> <span class='ocrx_word' id='word_1_253' title='bbox 907 3386 931 3432; x_wconf 84' lang='lat'><strong>8.</strong></span> <span class='ocrx_word' id='word_1_254' title='bbox 944 3384 958 3445; x_wconf 67' lang='lat'><strong>5</strong></span> <span class='ocrx_word' id='word_1_255' title='bbox 971 3384 1006 3444; x_wconf 85' lang='lat'><strong>1.)</strong></span> 
     </span>
     <span class='ocr_line' id='line_1_35' title="bbox 130 3454 657 3519; baseline -0.006 -14"><span class='ocrx_word' id='word_1_256' title='bbox 130 3463 273 3519; x_wconf 85' lang='lat' dir='ltr'><strong>sequuntur,</strong></span> <span class='ocrx_word' id='word_1_257' title='bbox 287 3462 313 3504; x_wconf 90' lang='lat' dir='ltr'><strong>et</strong></span> <span class='ocrx_word' id='word_1_258' title='bbox 323 3455 391 3517; x_wconf 85' lang='lat' dir='ltr'><strong>qussi</strong></span> <span class='ocrx_word' id='word_1_259' title='bbox 404 3470 433 3502; x_wconf 80' lang='lat' dir='ltr'><strong>cs</strong></span> <span class='ocrx_word' id='word_1_260' title='bbox 444 3454 525 3503; x_wconf 76' lang='lat' dir='ltr'><strong>sudeus</strong></span> <span class='ocrx_word' id='word_1_261' title='bbox 538 3455 657 3516; x_wconf 74' lang='lat' dir='ltr'><strong>trcqoedta</strong></span> 
     </span>
    </p>
   </div>
   <div class='ocr_carea' id='block_1_9' title="bbox 131 3652 1235 4072">
    <p class='ocr_par' dir='ltr' id='par_1_13' title="bbox 131 3652 1235 4072">
     <span class='ocr_line' id='line_1_36' title="bbox 131 3652 1233 3730; baseline 0.005 -19"><span class='ocrx_word' id='word_1_262' title='bbox 131 3671 198 3712; x_wconf 76' lang='lat' dir='ltr'><strong>iocre</strong></span> <span class='ocrx_word' id='word_1_263' title='bbox 212 3656 281 3711; x_wconf 81' lang='lat' dir='ltr'><strong>those</strong></span> <span class='ocrx_word' id='word_1_264' title='bbox 294 3652 442 3725; x_wconf 65' lang='lat' dir='ltr'><strong>smmi</strong></span> <span class='ocrx_word' id='word_1_265' title='bbox 457 3653 487 3707; x_wconf 80' lang='lat' dir='ltr'><strong>iu</strong></span> <span class='ocrx_word' id='word_1_266' title='bbox 500 3670 568 3717; x_wconf 78' lang='grc' dir='ltr'>ιυαν,</span> <span class='ocrx_word' id='word_1_267' title='bbox 586 3655 655 3710; x_wconf 78' lang='lat' dir='ltr'><strong>those</strong></span> <span class='ocrx_word' id='word_1_268' title='bbox 671 3655 764 3711; x_wconf 64' lang='lat' dir='ltr'><strong>ditum</strong></span> <span class='ocrx_word' id='word_1_269' title='bbox 773 3657 857 3728; x_wconf 83' lang='lat' dir='ltr'><strong>srcm</strong></span> <span class='ocrx_word' id='word_1_270' title='bbox 871 3656 939 3712; x_wconf 76' lang='lat' dir='ltr'><strong>their</strong></span> <span class='ocrx_word' id='word_1_271' title='bbox 951 3666 1072 3730; x_wconf 78' lang='lat' dir='ltr'><strong>country,</strong></span> <span class='ocrx_word' id='word_1_272' title='bbox 1090 3661 1159 3716; x_wconf 78' lang='lat' dir='ltr'><strong>those</strong></span> <span class='ocrx_word' id='word_1_273' title='bbox 1175 3664 1233 3716; x_wconf 80' lang='lat' dir='ltr'><strong>wic</strong></span> 
     </span>
     <span class='ocr_line' id='line_1_37' title="bbox 132 3739 1234 3814; baseline 0.007 -20"><span class='ocrx_word' id='word_1_274' title='bbox 132 3744 187 3795; x_wconf 80' lang='lat' dir='ltr'><strong>lod</strong></span> <span class='ocrx_word' id='word_1_275' title='bbox 197 3758 232 3796; x_wconf 79' lang='lat' dir='ltr'><strong>cc</strong></span> <span class='ocrx_word' id='word_1_276' title='bbox 243 3750 309 3796; x_wconf 78' lang='lat' dir='ltr'><strong>scau</strong></span> <span class='ocrx_word' id='word_1_277' title='bbox 320 3749 348 3794; x_wconf 86' lang='lat' dir='ltr'><strong>tc</strong></span> <span class='ocrx_word' id='word_1_278' title='bbox 359 3739 444 3793; x_wconf 76' lang='lat' dir='ltr'><strong>which</strong></span> <span class='ocrx_word' id='word_1_279' title='bbox 455 3740 514 3810; x_wconf 80' lang='lat' dir='ltr'><strong>they</strong></span> <span class='ocrx_word' id='word_1_280' title='bbox 524 3740 654 3811; x_wconf 73' lang='lat' dir='ltr'><strong>beloupsd.</strong></span> <span class='ocrx_word' id='word_1_281' title='bbox 694 3741 733 3797; x_wconf 79' lang='lat' dir='ltr'><strong>So</strong></span> <span class='ocrx_word' id='word_1_282' title='bbox 743 3743 889 3806; x_wconf 82' lang='lat' dir='ltr'><strong>Aristides,</strong></span> <span class='ocrx_word' id='word_1_283' title='bbox 900 3743 929 3795; x_wconf 92' lang='lat' dir='ltr'><strong>in</strong></span> <span class='ocrx_word' id='word_1_284' title='bbox 938 3743 1030 3814; x_wconf 86' lang='lat' dir='ltr'><strong>preise</strong></span> <span class='ocrx_word' id='word_1_285' title='bbox 1042 3745 1075 3800; x_wconf 83' lang='lat' dir='ltr'><strong>of</strong></span> <span class='ocrx_word' id='word_1_286' title='bbox 1085 3745 1134 3801; x_wconf 90' lang='lat' dir='ltr'><strong>the</strong></span> <span class='ocrx_word' id='word_1_287' title='bbox 1146 3747 1234 3802; x_wconf 80' lang='lat' dir='ltr'><strong>Atho-</strong></span> 
     </span>
     <span class='ocr_line' id='line_1_38' title="bbox 132 3823 1235 3900; baseline 0.009 -22"><span class='ocrx_word' id='word_1_288' title='bbox 132 3826 222 3890; x_wconf 85' lang='lat' dir='ltr'><strong>nisns,</strong></span> <span class='ocrx_word' id='word_1_289' title='bbox 239 3842 301 3897; x_wconf 75' lang='lat' dir='ltr'><strong>says</strong></span> <span class='ocrx_word' id='word_1_290' title='bbox 315 3825 379 3880; x_wconf 84' lang='lat' dir='ltr'><strong>thet</strong></span> <span class='ocrx_word' id='word_1_291' title='bbox 399 3823 507 3879; x_wconf 77' lang='lat' dir='ltr'><strong>Athene</strong></span> <span class='ocrx_word' id='word_1_292' title='bbox 524 3842 580 3880; x_wconf 71' lang='lat' dir='ltr'><strong>ves</strong></span> <span class='ocrx_word' id='word_1_293' title='bbox 594 3826 643 3881; x_wconf 93' lang='lat' dir='ltr'><strong>the</strong></span> <span class='ocrx_word' id='word_1_294' title='bbox 658 3827 756 3900; x_wconf 82' lang='lat' dir='ltr'><strong>refuge</strong></span> <span class='ocrx_word' id='word_1_295' title='bbox 774 3827 819 3883; x_wconf 80' lang='lat' dir='ltr'><strong>for</strong></span> <span class='ocrx_word' id='word_1_296' title='bbox 833 3829 883 3884; x_wconf 92' lang='lat' dir='ltr'><strong>the</strong></span> <span class='ocrx_word' id='word_1_297' title='bbox 897 3827 1045 3884; x_wconf 83' lang='lat' dir='ltr'><strong>wretched.</strong></span> <span class='ocrx_word' id='word_1_298' title='bbox 1088 3831 1122 3887; x_wconf 92' lang='lat' dir='ltr'><strong>In</strong></span> <span class='ocrx_word' id='word_1_299' title='bbox 1137 3833 1235 3888; x_wconf 87' lang='lat' dir='ltr'><strong>Xeno-</strong></span> 
     </span>
     <span class='ocr_line' id='line_1_39' title="bbox 132 3909 1235 3983; baseline 0.009 -21"><span class='ocrx_word' id='word_1_300' title='bbox 132 3910 219 3981; x_wconf 89' lang='lat' dir='ltr'><strong>phon,</strong></span> <span class='ocrx_word' id='word_1_301' title='bbox 237 3910 382 3964; x_wconf 75' lang='lat' dir='ltr'><strong>Patrocles</strong></span> <span class='ocrx_word' id='word_1_302' title='bbox 396 3909 445 3964; x_wconf 85' lang='lat' dir='ltr'><strong>the</strong></span> <span class='ocrx_word' id='word_1_303' title='bbox 459 3910 604 3966; x_wconf 86' lang='lat' dir='ltr'><strong>Phliurisu</strong></span> <span class='ocrx_word' id='word_1_304' title='bbox 619 3929 682 3983; x_wconf 83' lang='lat' dir='ltr'><strong>ceys</strong></span> <span class='ocrx_word' id='word_1_305' title='bbox 698 3913 747 3968; x_wconf 92' lang='lat' dir='ltr'><strong>the</strong></span> <span class='ocrx_word' id='word_1_306' title='bbox 757 3930 841 3969; x_wconf 85' lang='lat' dir='ltr'><strong>seme.</strong></span> <span class='ocrx_word' id='word_1_307' title='bbox 881 3914 920 3968; x_wconf 87' lang='lat' dir='ltr'><strong>So</strong></span> <span class='ocrx_word' id='word_1_308' title='bbox 934 3913 1156 3982; x_wconf 59' lang='lat' dir='ltr'><strong>Demosthenen</strong></span> <span class='ocrx_word' id='word_1_309' title='bbox 1178 3918 1235 3972; x_wconf 83' lang='lat' dir='ltr'><strong>und</strong></span> 
     </span>
     <span class='ocr_line' id='line_1_40' title="bbox 134 3994 1234 4072; baseline 0.007 -23"><span class='ocrx_word' id='word_1_310' title='bbox 134 3994 288 4067; x_wconf 82' lang='lat' dir='ltr'><strong>Sophocles</strong></span> <span class='ocrx_word' id='word_1_311' title='bbox 312 3995 342 4048; x_wconf 93' lang='lat' dir='ltr'><strong>in</strong></span> <span class='ocrx_word' id='word_1_312' title='bbox 365 3994 415 4050; x_wconf 90' lang='lat' dir='ltr'><strong>the</strong></span> <span class='ocrx_word' id='word_1_313' title='bbox 440 3995 559 4068; x_wconf 80' lang='lat' dir='ltr'><strong>OEds&#39;pus</strong></span> <span class='ocrx_word' id='word_1_314' title='bbox 584 3997 729 4060; x_wconf 64' lang='grc' dir='ltr'>θοῑοαουυς</span> <span class='ocrx_word' id='word_1_315' title='bbox 765 4000 822 4054; x_wconf 86' lang='lat' dir='ltr'><strong>end</strong></span> <span class='ocrx_word' id='word_1_316' title='bbox 846 3999 1024 4072; x_wconf 88' lang='lat' dir='ltr'><strong>Demophon,</strong></span> <span class='ocrx_word' id='word_1_317' title='bbox 1049 3999 1159 4068; x_wconf 86' lang='lat' dir='ltr'><strong>[rether</strong></span> <span class='ocrx_word' id='word_1_318' title='bbox 1184 4001 1234 4057; x_wconf 84' lang='lat' dir='ltr'><strong>the</strong></span> 
     </span>
    </p>
   </div>
   <div class='ocr_carea' id='block_1_10' title="bbox 132 4080 1234 4330">
    <p class='ocr_par' dir='ltr' id='par_1_14' title="bbox 132 4080 1234 4330">
     <span class='ocr_line' id='line_1_41' title="bbox 134 4080 1234 4158; baseline 0.005 -23"><span class='ocrx_word' id='word_1_319' title='bbox 134 4080 251 4144; x_wconf 79' lang='lat' dir='ltr'><strong>chorus,</strong></span> <span class='ocrx_word' id='word_1_320' title='bbox 266 4080 296 4133; x_wconf 91' lang='lat' dir='ltr'><strong>in</strong></span> <span class='ocrx_word' id='word_1_321' title='bbox 310 4080 437 4150; x_wconf 82' lang='lat' dir='ltr'><strong>Euripid.</strong></span> <span class='ocrx_word' id='word_1_322' title='bbox 454 4081 606 4138; x_wconf 78' lang='lat' dir='ltr'><strong>Heracleid.</strong></span> <span class='ocrx_word' id='word_1_323' title='bbox 618 4100 642 4137; x_wconf 86' lang='lat' dir='ltr'><strong>r.</strong></span> <span class='ocrx_word' id='word_1_324' title='bbox 655 4089 716 4149; x_wconf 77' lang='lat'>330,</span> <span class='ocrx_word' id='word_1_325' title='bbox 727 4085 777 4139; x_wconf 77' lang='lat' dir='ltr'><strong>isc.</strong></span> <span class='ocrx_word' id='word_1_326' title='bbox 791 4081 873 4155; x_wconf 84' lang='lat' dir='ltr'><strong>J.B.]</strong></span> <span class='ocrx_word' id='word_1_327' title='bbox 909 4085 973 4140; x_wconf 78' lang='lat' dir='ltr'><strong>And</strong></span> <span class='ocrx_word' id='word_1_328' title='bbox 988 4085 1044 4140; x_wconf 85' lang='lat' dir='ltr'><strong>this</strong></span> <span class='ocrx_word' id='word_1_329' title='bbox 1055 4087 1079 4140; x_wconf 89' lang='lat' dir='ltr'><strong>is</strong></span> <span class='ocrx_word' id='word_1_330' title='bbox 1091 4085 1140 4140; x_wconf 87' lang='lat' dir='ltr'><strong>the</strong></span> <span class='ocrx_word' id='word_1_331' title='bbox 1153 4087 1234 4158; x_wconf 91' lang='lat' dir='ltr'><strong>point</strong></span> 
     </span>
     <span class='ocr_line' id='line_1_42' title="bbox 132 4165 1001 4241; baseline 0.003 -20"><span class='ocrx_word' id='word_1_332' title='bbox 132 4167 178 4221; x_wconf 83' lang='lat' dir='ltr'><strong>fcr</strong></span> <span class='ocrx_word' id='word_1_333' title='bbox 189 4165 279 4219; x_wconf 80' lang='lat' dir='ltr'><strong>which</strong></span> <span class='ocrx_word' id='word_1_334' title='bbox 292 4165 476 4220; x_wconf 74' lang='lat' dir='ltr'><strong>callisthenes</strong></span> <span class='ocrx_word' id='word_1_335' title='bbox 490 4169 640 4241; x_wconf 80' lang='lat' dir='ltr'><strong>especially</strong></span> <span class='ocrx_word' id='word_1_336' title='bbox 653 4171 765 4241; x_wconf 76' lang='lat' dir='ltr'><strong>praised</strong></span> <span class='ocrx_word' id='word_1_337' title='bbox 777 4171 826 4226; x_wconf 94' lang='lat' dir='ltr'><strong>the</strong></span> <span class='ocrx_word' id='word_1_338' title='bbox 837 4171 1001 4226; x_wconf 77' lang='lat' dir='ltr'><strong>Atheniens.</strong></span> 
     </span>
     <span class='ocr_line' id='line_1_43' title="bbox 186 4249 1233 4330; baseline 0.005 -23"><span class='ocrx_word' id='word_1_339' title='bbox 186 4259 202 4307; x_wconf 85' lang='grc'>3</span> <span class='ocrx_word' id='word_1_340' title='bbox 226 4251 271 4307; x_wconf 90' lang='lat' dir='ltr'><strong>On</strong></span> <span class='ocrx_word' id='word_1_341' title='bbox 286 4249 335 4305; x_wconf 89' lang='lat' dir='ltr'><strong>the</strong></span> <span class='ocrx_word' id='word_1_342' title='bbox 349 4249 432 4304; x_wconf 89' lang='lat' dir='ltr'><strong>other</strong></span> <span class='ocrx_word' id='word_1_343' title='bbox 446 4250 530 4316; x_wconf 89' lang='lat' dir='ltr'><strong>hund,</strong></span> <span class='ocrx_word' id='word_1_344' title='bbox 545 4253 574 4306; x_wconf 91' lang='lat' dir='ltr'><strong>in</strong></span> <span class='ocrx_word' id='word_1_345' title='bbox 587 4253 636 4309; x_wconf 88' lang='lat' dir='ltr'><strong>the</strong></span> <span class='ocrx_word' id='word_1_346' title='bbox 650 4272 727 4310; x_wconf 85' lang='lat' dir='ltr'><strong>seme</strong></span> <span class='ocrx_word' id='word_1_347' title='bbox 739 4257 887 4330; x_wconf 82' lang='lat' dir='ltr'><strong>trsgedy*,</strong></span> <span class='ocrx_word' id='word_1_348' title='bbox 901 4272 955 4310; x_wconf 92' lang='lat' dir='ltr'><strong>one</strong></span> <span class='ocrx_word' id='word_1_349' title='bbox 968 4254 1001 4310; x_wconf 82' lang='lat' dir='ltr'><strong>ot</strong></span> <span class='ocrx_word' id='word_1_350' title='bbox 1012 4255 1060 4311; x_wconf 92' lang='lat' dir='ltr'><strong>the</strong></span> <span class='ocrx_word' id='word_1_351' title='bbox 1073 4254 1233 4312; x_wconf 79' lang='lat' dir='ltr'><strong>characters</strong></span> 
     </span>
    </p>
   </div>
   <div class='ocr_carea' id='block_1_11' title="bbox 176 4375 1236 4442">
    <p class='ocr_par' dir='ltr' id='par_1_15' title="bbox 176 4375 1236 4442">
     <span class='ocr_line' id='line_1_44' title="bbox 176 4375 1236 4442; baseline 0.01 -20"><span class='ocrx_word' id='word_1_352' title='bbox 176 4376 190 4401; x_wconf 79' lang='lat'>⁸</span> <span class='ocrx_word' id='word_1_353' title='bbox 210 4375 261 4422; x_wconf 84' lang='lat' dir='ltr'><strong>Not</strong></span> <span class='ocrx_word' id='word_1_354' title='bbox 273 4375 315 4422; x_wconf 88' lang='lat' dir='ltr'><strong>the</strong></span> <span class='ocrx_word' id='word_1_355' title='bbox 328 4388 401 4434; x_wconf 79' lang='lat' dir='ltr'><strong>seme,</strong></span> <span class='ocrx_word' id='word_1_356' title='bbox 417 4376 462 4424; x_wconf 89' lang='lat' dir='ltr'><strong>hut</strong></span> <span class='ocrx_word' id='word_1_357' title='bbox 475 4391 506 4424; x_wconf 83' lang='lat' dir='ltr'><strong>sn</strong></span> <span class='ocrx_word' id='word_1_358' title='bbox 522 4379 646 4426; x_wconf 84' lang='lat' dir='ltr'><strong>nucertsin</strong></span> <span class='ocrx_word' id='word_1_359' title='bbox 661 4381 763 4442; x_wconf 77' lang='lat' dir='ltr'><strong>trsgedy</strong></span> <span class='ocrx_word' id='word_1_360' title='bbox 779 4382 807 4428; x_wconf 85' lang='lat' dir='ltr'><strong>ot</strong></span> <span class='ocrx_word' id='word_1_361' title='bbox 823 4381 952 4441; x_wconf 81' lang='lat' dir='ltr'><strong>Euripides</strong></span> <span class='ocrx_word' id='word_1_362' title='bbox 967 4380 991 4426; x_wconf 90' lang='lat' dir='ltr'><strong>in</strong></span> <span class='ocrx_word' id='word_1_363' title='bbox 1007 4381 1130 4429; x_wconf 82' lang='lat' dir='ltr'><strong>Stohaeus:</strong></span> <span class='ocrx_word' id='word_1_364' title='bbox 1154 4381 1236 4433; x_wconf 74' lang='lat' dir='ltr'><strong>Genu·</strong></span> 
     </span>
    </p>
   </div>
   <div class='ocr_carea' id='block_1_12' title="bbox 132 4449 1362 4648">
    <p class='ocr_par' dir='ltr' id='par_1_16' title="bbox 132 4449 1362 4648">
     <span class='ocr_line' id='line_1_45' title="bbox 132 4449 1357 4515; baseline 0.001 -19"><span class='ocrx_word' id='word_1_365' title='bbox 132 4463 188 4498; x_wconf 83' lang='lat' dir='ltr'><strong>xrv.</strong></span> <span class='ocrx_word' id='word_1_366' title='bbox 199 4451 249 4498; x_wconf 86' lang='lat' dir='ltr'><strong>Tit.</strong></span> <span class='ocrx_word' id='word_1_367' title='bbox 260 4450 299 4499; x_wconf 78' lang='grc'><strong>46.</strong></span> <span class='ocrx_word' id='word_1_368' title='bbox 332 4449 356 4498; x_wconf 85' lang='lat' dir='ltr'><strong>J.</strong></span> <span class='ocrx_word' id='word_1_369' title='bbox 366 4450 396 4499; x_wconf 85' lang='lat' dir='ltr'><strong>B.</strong></span> <span class='ocrx_word' id='word_1_370' title='bbox 1350 4504 1357 4515; x_wconf 49' lang='lat'>‚</span> 
     </span>
     <span class='ocr_line' id='line_1_46' title="bbox 1023 4512 1362 4648; baseline 0 -64"><span class='ocrx_word' id='word_1_371' title='bbox 1023 4522 1136 4585; x_wconf 81' lang='lat' dir='ltr'><strong>23-s</strong></span> <span class='ocrx_word' id='word_1_372' title='bbox 1218 4512 1362 4648; x_wconf 59' lang='grc' dir='ltr'><strong><em>Δ</em></strong></span> 
     </span>
    </p>
   </div>
   <div class='ocr_carea' id='block_1_13' title="bbox 0 0 1424 4920">
    <p class='ocr_par' dir='ltr' id='par_1_17' title="bbox 0 0 1424 4920">
     <span class='ocr_line' id='line_1_47' title="bbox 0 0 1424 4920; baseline 0 0"><span class='ocrx_word' id='word_1_373' title='bbox 0 0 1424 4920; x_wconf 95' lang='lat' dir='ltr'><strong> </strong></span> 
     </span>
    </p>
   </div>
  </div>
 </body>
</html>
