2834 4920
78 292 147 351 cnr.
160 289 244 361 XX]
520 290 573 345 DE
594 290 732 346 POENIS.
1116 278 1179 341 255

78 458 123 527 sit
137 456 203 525 ”sd
217 462 351 523 mortem
368 476 506 543 peccare.
553 455 617 523 Sed
631 453 704 542 quin
719 453 841 520 inllscin
855 462 927 519 sunt
943 451 1010 540 ejus
1024 451 1070 518 rei
1085 475 1180 544 ergn-

79 566 194 634 ments,
221 556 321 623 dictet
341 555 455 621 coritas
479 555 631 620 neminem
658 562 775 620 temere
795 553 971 619 habendum
991 573 1050 639 pro
1073 553 1179 640 deplo-

79 667 158 733 rcto,
175 656 221 722 its
236 663 274 721 nt
289 654 349 720 hoc
364 652 488 741 quidem
503 654 565 720 fine
581 652 816 730 animadversio,
833 674 895 719 non
909 650 968 717 nisi
983 672 1056 717 raro
1072 653 1178 718 edmo-

79 756 163 832 dum,
180 755 284 821 locum
299 753 417 819 hebere
432 753 536 840 possit

153 854 248 922 vm.
289 856 308 919 1
340 850 489 919 ¹Ucilitas
507 851 573 938 ejus
589 849 676 938 cujus
690 849 842 916 intererat
857 870 919 915 non
935 860 1094 937 peccatum
1111 872 1179 917 esse

79 955 113 1022 in
128 976 167 1021 eo
190 952 251 1019 sits
266 960 324 1030 est,
339 973 380 1017 ne
399 951 528 1037 posthoc
544 950 607 1016 tels
628 948 703 1036 quid
720 949 857 1036 patietur
878 949 919 1014 sb
934 950 1042 1016 eodem
1062 959 1118 1017 sut
1136 951 1177 1016 ab

80 1052 161 1120 eliis.
213 1050 330 1119 Gellius
346 1072 386 1116 ex
403 1051 508 1115 Tauro
524 1049 605 1114 bunc
625 1046 757 1135 speciem
773 1047 817 1114 sic
839 1047 994 1127 describit,
1012 1072 1085 1116 mem
1107 1052 1177 1136 dip-
1189 1067 1301 1155 εἰσῄα.

81 1155 176 1218 nitas
189 1152 406 1217 ocmomtosce
426 1149 493 1232 ejus
509 1151 546 1213 in
560 1169 656 1234 quem
672 1159 718 1213 est
733 1160 909 1234 peccatum
931 1152 1050 1215 tuendo
1066 1161 1122 1224 est,
1139 1172 1178 1216 ne

75 1250 302 1338 proetennsboo
314 1248 558 1314 animadversio
570 1258 760 1312 contemtum
772 1246 840 1330 qius
849 1248 972 1332 pariat
984 1260 1014 1314 et
1029 1250 1178 1313 honorem

81 1348 169 1416 leret
222 1346 285 1414 Sed
302 1347 385 1434 quod
408 1347 448 1412 de
465 1344 649 1412 auctoritate
668 1344 743 1411 laess
762 1344 845 1422 dicit,
868 1343 950 1410 idem
972 1344 1013 1410 de
1033 1345 1179 1411 libertate

80 1446 230 1535 cujusque
244 1454 300 1512 cut
315 1445 376 1511 alio
386 1445 460 1532 jure
475 1444 550 1509 loeso
565 1442 799 1532 intelligendum
815 1450 874 1508 est.
925 1443 1019 1528 Apud
1036 1444 1178 1509 Tacitum
1190 1456 1335 1497 Aeonum·

80 1544 232 1635 legimus:
257 1545 435 1611 consuleret
458 1544 630 1610 securitati
646 1543 739 1625 juncto
761 1542 892 1607 νοιιίονιο.
938 1542 988 1607 Ne
1014 1541 1067 1628 qui
1087 1542 1179 1608 laeeus

80 1652 130 1710 est
144 1645 186 1710 sb
200 1643 309 1709 eodem
326 1642 440 1709 mulum
457 1640 604 1729 patietur,
623 1640 722 1706 tribus
740 1639 838 1705 modis
854 1639 956 1705 cureri
972 1648 1094 1726 potest:
1115 1641 1180 1728 pri·

80 1764 165 1808 mum
187 1742 214 1807 ei
235 1740 363 1808 tolletur
387 1740 440 1828 qni
459 1739 599 1826 deliquit,
623 1738 735 1804 deinde
756 1738 782 1804 ei
804 1738 886 1804 viros
907 1739 1037 1805 nocendi
1060 1739 1089 1805 ei
1112 1739 1179 1806 sdi-

79 1849 215 1916 mentur,
231 1848 387 1927 postremo
404 1839 431 1904 si
441 1840 521 1904 mulo
536 1861 591 1903 sno
607 1837 793 1903 deducentur
806 1837 993 1924 delinquere,
1009 1839 1092 1924 quod
1109 1861 1180 1904 cum

81 1938 297 2005 emendatione
311 1938 352 2004 de
372 1959 435 2026 quc
445 1937 512 2024 jum
530 1936 649 2025 egimus
668 1936 862 2024 conjunctum
883 1944 938 2002 est.
990 1937 1040 2003 Ne
1053 1938 1095 2004 sb
1112 1936 1179 2004 eliis

79 2038 215 2103 ledetur
231 2036 285 2123 qui
304 2037 395 2102 lesus
411 2044 467 2112 est,
489 2035 648 2122 punitione
662 2056 725 2100 non
741 2035 858 2122 quevis,
880 2035 936 2101 sed
952 2044 1063 2123 aperto
1084 2045 1179 2123 etque

80 2135 244 2224 conspicua
260 2156 330 2221 qme
346 2135 387 2200 sd
404 2135 578 2220 exemplum
595 2133 743 2219 pertinet,
761 2132 927 2200 obtinetur.

157 2236 179 2300 2
210 2232 262 2300 Ad
283 2236 341 2299 hos
361 2254 437 2321 ergo
454 2232 540 2308 lines,
555 2239 589 2297 et
608 2232 691 2297 intre
710 2230 791 2318 aequi
807 2232 957 2297 terminos
975 2231 1002 2297 ei
1025 2232 1180 2321 dirigetur

79 2331 256 2409 vindicatio,
279 2332 373 2399 etism
389 2331 521 2419 private,
540 2330 566 2394 ei
578 2329 632 2417 jus
654 2329 770 2395 undum
787 2336 917 2404 nuturse,
940 2329 973 2395 id
991 2339 1047 2408 est,
1065 2332 1181 2397 ebduc-

79 2508 377 2569 mamma,
391 2505 608 2566 disquirensque
656 2503 794 2566 Spauta)

79 2581 605 2643 epnproeomrmnndiornmeqnm-
698 2579 827 2626 ι1111111111
846 2577 897 2636 <ius
916 2577 983 2636 cnjus
1001 2579 1116 2627 ἰοιννονοι
1134 2595 1181 2627 πονο

80 2657 196 2703 ratores
210 2657 307 2716 poem
325 2654 459 2714 repudiant,
480 2654 533 2699 alia
551 2666 607 2698 cero
651 2657 774 2714 peccatum
784 2651 843 2714 esse]
859 2654 939 2700 litium
953 2653 1026 2714 hujus
1035 2655 1071 2701 rel
1083 2655 1108 2700 ln
1122 2655 1180 2701 ieris

80 2728 540 2788 dominantibus-peccantium:
552 2727 607 2773 luis
655 2729 858 2789 lmngoquedsm.
878 2727 1181 2789 leoinodntteroepoenum

80 2805 161 2865 point
170 2805 232 2865 lepos
240 2809 335 2850 mortem
344 2802 461 2849 malornm
469 2802 557 2847 mmm
568 2814 607 2847 re·
655 2804 782 2863 comrqit.
814 2803 907 2850 Plinius
920 2802 1037 2852 Historia
1047 2804 1178 2852 Naturalis

76 2892 169 2939 perere,
183 2893 229 2925 m
239 2883 288 2925 tun
302 2878 408 2937 ipsorum
422 2890 493 2936 quom
506 2875 607 2920 omnium
654 2890 714 2925 7111.
723 2877 759 2926 ld

80 2956 184 3003 atim
200 2957 267 3013 hono,
286 2954 369 3017 (Orat.
380 2965 410 3001 11.
424 2967 449 3013 p.
460 2952 490 3001 89
500 2965 528 2999 s.
556 2951 608 3002 Ed.

80 3198 403 3272 wmbomtyofbim
426 3201 534 3272 against
558 3197 1180 3272 wbomtbeoffensciscommittedistobs

77 3284 221 3355 proterunt,
234 3284 280 3338 lest
287 3286 458 3355 pmmnmmc
472 3287 581 3342 omitted
589 3288 706 3358 produce
719 3296 850 3357 mntempt
864 3286 971 3353 mneos,
982 3284 1041 3337 ond
1052 3282 1181 3337 diminish

81 3370 117 3423 its
139 3369 262 3431 toncsrf
283 3368 336 3423 but
355 3369 429 3425 what
449 3372 473 3425 is
496 3373 555 3427 eeid
579 3373 613 3427 oi
633 3373 726 3443 injur-y
740 3372 815 3427 done
829 3377 859 3426 ιο
876 3368 1020 3440 authority
1032 3369 1057 3422 is
1071 3374 1135 3423 true
1149 3367 1184 3422 oi

80 3453 176 3525 iniury
188 3453 262 3508 done
277 3460 307 3509 ιο
327 3454 439 3527 liberty,
465 3472 498 3511 or
515 3464 547 3511 to
569 3474 625 3529 cny
637 3457 718 3513 other
732 3456 816 3527 right.
853 3455 892 3509 As
907 3455 1021 3509 Tacitus
1036 3470 1098 3526 seps
1112 3454 1146 3509 ol
1161 3469 1181 3508 e

82 3554 195 3611 person,
208 3540 277 3594 itae
291 3540 321 3594 lo
332 3541 416 3612 miqbt
427 3543 529 3597 οονιοιοέι
540 3543 580 3596 bis
590 3544 704 3614 mumy
718 3545 752 3613 by
759 3544 818 3614 just
825 3541 1005 3613 punishment.

139 3623 265 3680 ’.1111111111
279 3624 341 3679 who
355 3625 405 3680 lise
419 3627 492 3682 been
507 3628 617 3698 injured
631 3644 697 3699 msy
712 3635 763 3681 not
776 3628 862 3682 suffer
878 3625 932 3681 evil
948 3624 1024 3679 from
1038 3623 1088 3678 the
1101 3639 1180 3678 seme

80 3724 192 3781 person,
205 3725 270 3781 moy
283 3710 320 3765 be
335 3712 471 3782 provided
484 3713 530 3767 for
544 3714 573 3766 in
588 3712 669 3768 three
684 3729 774 3783 noyez
802 3713 871 3776 first,
890 3709 992 3783 bytho
1007 3709 1130 3764 removal
1148 3708 1182 3763 oi

80 3792 132 3848 the
154 3792 336 3864 delinquont;
366 3797 477 3861 scoond,
493 3797 532 3868 by
553 3798 651 3869 taking
668 3815 746 3869 ewey
763 3797 806 3853 his
824 3814 918 3868 power
932 3796 966 3851 cf
980 3795 1065 3866 doing
1081 3794 1179 3859 herm

79 3876 197 3951 thirdly,
218 3878 257 3950 by
274 3878 406 3951 tecching
426 3881 496 3950 him,
512 3882 550 3953 by
563 3884 704 3954 suffering,
720 3889 771 3938 not
788 3890 818 3938 to
834 3882 945 3946 offend3
967 3879 1095 3935 whichis
1113 3896 1180 3933 con-

80 3962 183 4018 nected
204 3963 272 4017 with
292 3963 342 4019 the
357 3966 538 4022 emendment
560 3968 594 4023 oi
612 3967 704 4024 which
720 3985 762 4023 we
782 3968 854 4023 heve
875 3967 991 4039 spoken.
1037 3963 1111 4019 Thet
1129 3962 1180 4018 the

79 4063 183 4119 person
196 4048 327 4104 offended
338 4048 409 4105 ehsll
424 4058 474 4107 not
487 4053 524 4108 be
536 4054 645 4124 injured
657 4055 695 4126 by
706 4052 832 4118 another,
846 4054 870 4108 is
882 4059 913 4108 to
924 4049 1115 4122 beprocnred
1128 4053 1180 4103 not

15 4175 18 4180 .
79 4130 118 4203 by
129 4148 186 4205 sny
197 4135 292 4189 ccsucl
304 4134 493 4207 punishment,
501 4138 553 4194 but
563 4139 601 4212 by
612 4157 630 4194 e
641 4139 823 4213 punishment
834 4154 908 4211 open
917 4136 973 4191 sud
985 4135 1177 4206 conspicuous,

79 4216 115 4272 of
122 4216 173 4272 the
184 4225 286 4274 neture
298 4220 332 4273 of
342 4221 479 4293 example.

138 4308 157 4356 2
185 4304 234 4375 Up
249 4311 280 4358 to
295 4303 375 4359 these
387 4306 472 4360 limite
484 4306 561 4372 then,
576 4308 602 4363 ii
613 4309 781 4365 vindicetive
796 4307 978 4381 punishment
991 4305 1027 4359 be
1044 4303 1179 4368 directed,

79 4385 138 4443 sud
148 4386 187 4445 be
197 4388 269 4463 kept
278 4389 376 4445 within
387 4389 436 4447 the
447 4390 556 4449 bounds
566 4395 600 4451 ot
612 4397 716 4469 equity,
730 4411 801 4453 eren
814 4395 841 4450 if
854 4390 979 4449 inflictcd
989 4390 1028 4465 by
1041 4406 1060 4444 s
1070 4389 1179 4461 private

140 4514 557 4642 f*—
