2834 4920
221 212 285 275 232
549 220 602 275 DE
623 221 722 276 June
745 220 995 279 SEPULTURAE.
1192 220 1267 290 [bun.
1280 223 1319 278 11.

220 390 453 464 contemtorem,
483 392 516 453 et
541 385 598 452 sub
623 405 661 452 ee
683 384 753 473 lege
777 405 849 472 quse
879 381 1012 472 proximi
1036 405 1149 451 nomen
1173 387 1216 452 ad
1238 385 1321 453 solos

153 526 159 538 ·
222 484 375 551 Hebreeos
392 484 585 573 porrigebat.

297 585 337 650 V.
379 585 398 647 1
430 585 537 650 Unum
560 591 664 649 temus
681 590 791 649 notatu
810 604 873 648 non
888 581 1059 671 indignum,
1075 583 1116 650 de
1136 583 1321 671 sepeliendis

221 681 352 748 mortuis
373 682 514 772 regulam
540 683 625 769 apud
650 682 734 769 ipses
760 681 916 748 Hebraeos
942 681 1086 749 habuisse
1109 682 1321 769 exceptionem

55 804 206 891 ppflwp
221 783 346 847 ⁹eernm
363 782 416 868 qui
437 781 497 869 ipsi
512 780 572 848 sibi
588 789 720 847 mertem
737 779 967 847 consciverant:
992 780 1077 869 quod
1092 783 1115 846 J
1116 781 1247 868 osepbus
1263 802 1321 847 nes

58 897 207 948 neu-nte·
221 879 320 945 docet.
371 881 439 945 Nee
459 880 492 946 id
509 878 629 956 mirum,
648 901 717 945 cum
739 878 773 944 in
794 878 852 944 hos
872 878 958 945 aliud
974 879 1155 968 supplicium
1177 879 1321 946 constitui

55 992 145 1077 popl-'⁴¹3
154 993 207 1076 pa
221 1000 283 1044 non
300 979 397 1064 possit
412 979 465 1066 qui
483 987 614 1044 mortem
630 999 688 1065 pro
704 976 853 1064 supplicio
870 999 932 1043 non
949 977 1076 1044 hebent.
1125 978 1175 1045 Sic
1192 978 1322 1044 Milesias
1364 994 1365 998 ’

56 1130 129 1179 m
199 1109 206 1122 ·
222 1076 392 1165 virginesa
409 1075 583 1144 voluntaria
598 1085 699 1141 morte
713 1075 898 1154 absterrita,
914 1085 947 1142 et
961 1072 972 1111 ¹
977 1077 1064 1164 plebs
1081 1076 1153 1143 elim
1168 1078 1320 1155 Romana,

55 1198 194 1285 penne
221 1197 398 1262 quenquam
419 1176 614 1263 improbante
636 1174 744 1240 Plinio.
797 1175 848 1239 Sic
870 1182 905 1241 et
928 1175 1102 1242 Cleomenis
1124 1197 1245 1262 cerpus,
1268 1176 1323 1264 qui

56 1290 130 1376 dett,
154 1292 189 1377 ᾗ
221 1296 255 1340 se
281 1274 489 1352 interfecerat,
515 1275 702 1342 Ptolomeus
724 1273 870 1359 suspendi
892 1273 993 1360 jussit.
1037 1276 1081 1341 Et
1112 1274 1246 1361 upassim
1271 1297 1323 1340 re·

77 1383 173 1468 ἔξω
221 1381 355 1460 ceptum,
381 1373 427 1440 ait
451 1373 647 1450 Aristoteles,
677 1379 713 1438 ut
736 1370 907 1460 ignominie
930 1373 1035 1458 sliqus
1063 1373 1234 1440 afficiantur
1267 1373 1322 1460 qui

55 1486 155 1540 hem
221 1471 280 1538 sibi
306 1480 436 1538 mortem
459 1472 694 1538 consciverunt:
715 1470 769 1536 ubi
794 1469 989 1537 Andronicus
1005 1472 1146 1538 Rhodius
1170 1471 1204 1537 id
1227 1494 1323 1559 expo·

221 1592 299 1636 nens
323 1571 377 1648 ait,
393 1570 553 1658 sepultura
569 1592 677 1637 eorum
702 1591 834 1656 corpora
855 1569 1033 1656 prohiberi:
1057 1570 1140 1656 quod
1156 1569 1240 1636 iuter
1260 1571 1322 1637 alia

144 1754 151 1768 ⁰
221 1769 332 1853 Neque
348 1768 421 1835 huic
436 1769 515 1834 mori
532 1769 636 1834 obstat
649 1766 733 1853 quod
757 1765 925 1844 Homerus,
944 1768 1125 1856 AEschylus‚
1142 1768 1320 1856 Sophocles,

54 1883 180 1971 ³3}ng
220 1866 371 1944 Meschio,
383 1875 415 1933 et
427 1866 480 1932 elii
492 1875 627 1945 monent,
637 1865 714 1931 nihil
726 1864 843 1931 sentire
855 1874 1011 1933 mortuos:
1028 1888 1126 1953 quere
1138 1889 1195 1932 nec
1209 1868 1322 1934 damno

54 1976 186 2028 801)ὶῶῦῶ

265 2038 744 2100 ”Exceptioillshoetsntnmefficiebst
796 2037 891 2085 Auctor
917 2039 969 2099 ipse
993 2039 1104 2086 observet
1128 2053 1193 2097 mox,
1213 2039 1279 2087 Note
1297 2053 1322 2089 ιι.

220 2116 249 2161 nt
258 2114 374 2160 caderem
383 2128 473 2173 eorum,
483 2114 526 2175 qui
535 2114 581 2161 sibi
590 2114 637 2175 ipsi
643 2117 746 2159 mortem
795 2112 823 2160 J.
833 2112 865 2161 B.

220 2189 390 2246 consciverant,
396 2189 572 2250 nsquestolis
579 2201 688 2235 occasum
695 2201 746 2233 ms·
840 2189 849 2222 ⁸
863 2187 936 2234 Plebs
945 2189 1002 2235 olim
1010 2188 1132 2249 Romana]
1145 2189 1275 2236 Serrinsad
1283 2191 1322 2237 12.

219 2269 305 2310 nerent
314 2264 443 2324 insepulta.
459 2265 498 2310 lte
504 2263 593 2310 diserte
602 2262 744 2320 Josnrnus,
795 2260 929 2309 AEnct'dce:
947 2262 1011 2309 Sanc
1024 2264 1143 2310 ιείειιιιιιιιι
1157 2265 1323 2324 quod'cautum

219 2338 274 2385 loco
291 2339 317 2384 in
337 2352 379 2385 ors
395 2340 451 2385 libri
469 2338 590 2385 indicato:
607 2339 669 2383 Toto
683 2338 745 2397 γοῦν
787 2335 876 2395 flerat
886 2335 911 2381 in
920 2337 1103 2396 Pontificelt'bm
1111 2338 1187 2396 libris,
1197 2344 1222 2384 ιιι
1232 2340 1274 2399 qut
1283 2339 1323 2386 la·

219 2412 357 2460 ἀνελόντας
383 2413 493 2471 ἑαυτοὺς,
522 2411 595 2472 παρα*
610 2412 655 2471 μιν
677 2410 744 2471 ἡμῖν,
796 2413 1322 2475 quecnitamjtnissets'mepaltusabiiceretur.

219 2487 307 2548 μέχριι
316 2487 388 2543 villico
398 2488 489 2534 ddecus
498 2485 615 2546 ἀτάφους
625 2485 746 2544 spirense
800 2487 868 2535 Unde
877 2489 959 2534 merite
970 2489 1006 2534 cit
1016 2502 1139 2536 mouns
1149 2491 1242 2548 Lerni,
1252 2491 1323 2550 quasi

220 2559 325 2620 ἔκριναν,
335 2564 427 2610 καίτοι
437 2564 479 2609 καὶ
489 2561 624 2620 πολεμίους
639 2558 746 2605 θάπτειν
795 2564 879 2608 mertis
898 2564 1069 2623 immiseimoe.
1098 2566 1168 2626 Erqe
1188 2581 1239 2612 cum
1260 2568 1323 2614 nihil

221 2633 322 2694 θέμιτον
341 2637 473 2697 ἡγούμενοι
494 2635 539 2682 dec.
578 2635 745 2680 Exessnrros
795 2636 828 2682 sit
845 2637 891 2681 hac
906 2638 1123 2697 mortcdejbmius,
1137 2640 1236 2685 Portum
1250 2641 1323 2687 ειίιιιιι

220 2715 301 2755 eutem
316 2711 424 2771 loquitur
439 2713 469 2757 de
485 2711 590 2755 moribus
606 2714 632 2756 et
651 2709 745 2769 legibus
793 2709 944 2768 prcRepr'uc
952 2709 1068 2768 dignitate
1074 2710 1322 2771 dirisseaccipa'amur.

219 2782 319 2828 nliorum
340 2784 504 2842 Populorum:
529 2784 588 2831 Hac
607 2783 746 2831 neusciam
800 2783 898 2830 Cassius
906 2787 983 2829 cutem
994 2783 1099 2832 Hemina
1112 2787 1149 2832 cit
1168 2787 1323 2847 Tarquinium

220 2857 323 2903 secribus
333 2857 456 2915 hominum,
465 2858 508 2905 sed
516 2860 588 2905 etiem
597 2857 693 2918 lepidus,
708 2860 746 2905 ιἰι-
798 2856 935 2917 Superbum,
945 2871 997 2903 cum
1008 2859 1103 2905 cloacas
1111 2860 1198 2920 secere
1208 2863 1323 2922 poputum

220 2930 455 2993 terdictacccips'mus
465 2950 473 2980 .·
485 2947 583 2994 namque
590 2934 745 2993 eliiiruepul·
796 2932 915 2993 coepisset,
929 2937 951 2979 et
968 2932 996 2978 eb
1013 2934 1075 2979 hauc
1090 2934 1203 2992 injuriam
1218 2938 1285 2983 multi
1298 2955 1324 2986 se

220 3012 257 3054 tos
267 3009 357 3068 projici
365 3010 448 3066 jubens
462 3024 510 3064 eos,
523 3009 565 3069 qui
579 3024 604 3055 sc
618 3011 643 3055 ιἰι
650 3010 747 3070 serrum
797 3008 922 3068 suspendio
931 3013 1047 3065 necarent,
1052 3008 1154 3065 jussere
1168 3025 1270 3071 corpora
1285 3029 1323 3060 co-

220 3082 446 3140 dv'eccmnt...clii
465 3084 574 3130 ιιιιιναιιι
592 3097 685 3129 mamert
704 3084 747 3130 ab·
798 3097 850 3129 rum
869 3085 934 3130 cruci
949 3085 1024 3147 effici.
1058 3085 1124 3132 Tuuc
1134 3087 1239 3146 primam
1256 3093 1324 3148 turpe

221 3157 467 3217 senseresensere,
487 3157 531 3204 tte.
563 3157 616 3202 Hoc
637 3159 747 3205 ultimum
799 3157 947 3205 tutemet
960 3160 1268 3220 monensibtconscisccre,
1283 3165 1324 3222 (ad

221 3243 298 3290 genus
308 3246 386 3290 poense
396 3236 519 3292 receptum
535 3237 587 3278 eret
598 3232 709 3291 Athenis,
720 3239 748 3279 nt
798 3247 858 3282 vert.
869 3234 931 3294 603.)

223 3476 345 3548 denying
359 3477 437 3531 them
455 3476 608 3548 sepulture,
622 3476 660 3532 be
677 3476 726 3531 did
737 3476 793 3532 this
808 3476 846 3549 by
865 3476 908 3532 his
927 3494 988 3532 own
1006 3476 1089 3547 right
1130 3475 1243 3530 David's
1257 3493 1323 3546 pre·

223 3562 340 3633 cseding
350 3561 416 3616 with
433 3561 570 3616 Goliath’s
584 3562 657 3617 heud
672 3578 727 3616 wus
745 3579 783 3617 ne
797 3562 912 3633 general
927 3578 999 3616 csse.

276 3647 311 3700 V.
351 3654 365 3702 1
389 3646 451 3701 The
465 3646 608 3712 Hebresrs,
619 3648 759 3713 however,
773 3647 856 3702 mede
870 3664 924 3703 one
936 3646 1091 3717 exception,
1105 3645 1135 3698 in
1150 3642 1199 3698 the
1214 3659 1277 3697 ease
1293 3645 1326 3697 of

223 3730 304 3787 those
316 3731 378 3787 who
390 3732 447 3786 hed
462 3732 527 3787 died
539 3733 577 3805 by
591 3733 666 3788 their
679 3749 742 3786 own
756 3733 855 3787 bends.
879 3731 944 3788 And
956 3731 1011 3787 this
1023 3732 1045 3787 is
1058 3731 1103 3795 flu
1118 3728 1257 3784 forthere
1269 3746 1323 3782 can

222 3817 259 3872 be
273 3834 311 3871 ne
326 3817 408 3872 other
420 3818 609 3889 punishment,
626 3819 672 3872 for
686 3818 767 3874 those
781 3823 811 3873 to
827 3818 918 3872 whom
932 3817 1016 3871 death
1031 3818 1055 3872 is
1074 3832 1111 3871 no
1130 3813 1321 3887 punishment.

224 3903 263 3957 So
278 3903 327 3956 the
346 3903 478 3957 Milesiae
492 3904 603 3974 virgins,
622 3903 679 3958 aud
696 3903 744 3958 the
756 3902 841 3958 Plebs
859 3911 889 3959 at
904 3906 995 3958 Rome
1015 3918 1088 3957 were
1103 3900 1235 3956 dcterrcd
1249 3899 1324 3955 from

223 3988 338 4043 suicide.
361 3989 399 4043 So
412 3988 542 4059 Ptolemy
551 3989 671 4043 ordered
682 3988 732 4044 the
745 3988 819 4060 body
832 3988 865 4042 of
872 3990 1036 4044 Cleomenes
1051 3994 1081 4042 to
1092 3987 1129 4042 be
1143 3987 1230 4056 hung.
1259 3986 1323 4040 And

223 4073 293 4138 itis,
307 4073 524 4146 sspsdristotle,
544 4090 705 4130 ecommon
720 4075 853 4144 practice,
872 4091 903 4130 ss
918 4073 1093 4128 Andronicus
1108 4073 1234 4143 explains
1252 4071 1321 4126 him.

223 4158 287 4212 And
302 4176 340 4213 en
355 4158 410 4213 this
424 4160 542 4230 ground,
556 4161 632 4216 Dion
646 4159 726 4215 leuds
740 4159 922 4222 memorasse,
939 4175 1031 4229 queen
1045 4158 1078 4213 of
1096 4159 1213 4230 Cyprus.
1259 4156 1324 4211 And

223 4243 247 4298 it
269 4244 292 4299 is
317 4261 354 4299 no
378 4245 527 4315 objection‚
547 4246 618 4310 that,
640 4264 670 4301 ns
686 4246 735 4302 the
754 4252 836 4317 poete
857 4245 1018 4301 sometimes
1036 4261 1095 4316 say,
1109 4242 1159 4297 the
1176 4241 1248 4297 dead
1268 4242 1324 4297 feel

224 4330 351 4403 nothing,
372 4331 428 4386 end
441 4347 491 4387 ere
505 4338 556 4387 not
570 4332 690 4388 affected
705 4332 742 4405 by
757 4332 813 4387 loss
827 4347 860 4386 cr
874 4331 978 4386 shame.
1023 4331 1080 4385 For
1094 4331 1117 4384 it
1131 4329 1154 4384 is
1171 4327 1284 4399 enough
1302 4327 1328 4399 if
