2834 4920
267 216 331 279 398
635 229 688 283 DE
710 228 846 285 ΕΑΒ-518
867 230 1000 285 ursus
1250 228 1334 298 [Lm
1349 230 1387 287 Π.

340 393 361 456 2
395 392 488 479 Saepc
512 400 617 458 nutem
633 390 755 470 accidit,
780 400 816 458 ut
836 391 985 479 judicium
1010 391 1089 457 nihil
1104 392 1184 459 certi
1209 402 1388 473 monstret,

267 490 324 557 sed
344 491 488 557 haesitet:
516 514 586 579 quae
608 491 764 557 haesitatio
778 491 806 556 si
824 500 946 558 attenta
962 492 1211 559 consideratione
1233 494 1388 582 expediri

104 610 248 661 nosses.
268 600 413 676 nequeat,
447 591 638 680 sequendum
671 590 733 656 erit
759 590 837 657 illud
862 591 1038 657 OEcerenis:
1075 595 1150 659 bene
1168 597 1388 680 proecs'ps‘unt

267 682 343 777 “qui
359 702 468 757 vetent
491 694 666 778 quicquam
682 713 778 776 apere
794 693 881 777 quod
896 693 1023 757 dubites
1037 715 1165 778 equum
1183 696 1231 758 sit
1249 716 1300 759 cn
1318 697 1387 760 ini·

266 812 383 877 quum.
430 791 559 856 Hebraei
582 790 725 880 magistri
746 789 891 855 'dicunt
924 804 1020 877 peon
1038 803 1075 876 tn
1094 778 1215 879 pbnon
1246 795 1387 862 abstine

100 904 254 1004 {caym
168 907 242 947 ,ται
268 902 299 956 te
313 911 337 953 a
358 912 395 956 re
410 892 523 956 dubia.
569 890 633 956 Sed
656 891 715 955 hoc
730 889 830 955 locum
855 890 973 956 habere
992 912 1055 955 nen
1070 899 1184 977 potest,
1209 892 1269 958 ubi
1284 894 1386 961 alieni

100 998 175 1043 ιιι
185 966 254 1049 ι’.
267 988 389 1054 omnino
412 990 599 1055 alterutrum
620 996 669 1055 est
690 988 875 1066 laciendum,
900 998 934 1056 et
955 989 996 1055 de
1017 998 1161 1076 utroque,
1182 1012 1224 1056 an
1249 1014 1385 1080 sequurn

266 1088 317 1164 sit,
342 1087 523 1156 dubitetur:
548 1097 622 1155 tune
644 1087 726 1154 enim
744 1087 913 1155 ³licebit
886 1111 916 1154 er
936 1089 1062 1177 eligere,
1086 1090 1171 1175 quod
1191 1090 1369 1160 minusinr

266 1208 361 1273 quum
378 1209 408 1252 es
398 1185 559 1254 videtur.
607 1187 739 1276 Semper
754 1186 848 1265 enim,
864 1188 919 1254 ubi
940 1187 1051 1254 electio
1067 1189 1159 1254 evadi
1175 1212 1240 1255 non
1255 1200 1384 1279 potest,

266 1286 367 1352 minus
385 1286 501 1353 malum
520 1287 672 1353 rationem
692 1286 795 1354 induit
815 1286 897 1353 boni
944 1284 999 1357 Τα
1024 1284 1195 1381 ἐλάχιστα
1217 1288 1386 1373 ληπτέον

100 1406 169 1447 nisse.
183 1406 231 1447 we.
266 1386 336 1453 τῶν
353 1389 466 1466 κακῶν,
483 1386 528 1453 ait
545 1386 748 1454 Aristoteles.
773 1386 892 1465 Cicero,
910 1390 951 1453 de
966 1389 1063 1453 malie
1079 1391 1226 1455 mississe.
1273 1393 1384 1470 Quin·

98 1452 251 1585 *ffdmdlu
265 1484 409 1552 tilianns:
426 1490 464 1551 in
476 1489 717 1573 comparatione
728 1488 890 1552 malornm
906 1490 981 1553 beni
993 1489 1096 1554 locum
1109 1491 1228 1555 obtinet
1240 1491 1365 1558 levius.

334 1586 396 1654 Ill.
436 1586 623 1675 Plerumque
640 1608 715 1652 vero
731 1585 764 1651 in
780 1585 875 1652 rebus
891 1586 992 1653 dubiis
1008 1595 1079 1673 post
1095 1610 1226 1654 examen
1241 1590 1382 1677 aliquod

263 1684 385 1751 animus
409 1707 472 1751 non
490 1685 523 1751 ia
538 1685 640 1752 medie
658 1687 767 1761 haeret,
793 1686 849 1752 sed
868 1687 929 1751 huc
950 1693 1007 1752 aut
1022 1686 1094 1752 illue
1117 1687 1271 1754 duciture
1275 1713 1381 1779 argu-

97 1798 161 1895 m
163 1801 248 1887 pp!
263 1784 374 1851 mentis
400 1807 441 1850 ex
467 1807 503 1850 re
529 1784 645 1872 petitis,
669 1795 725 1851 aut
749 1807 789 1850 ex
812 1784 965 1870 opinione,
990 1806 1084 1871 quam
1106 1787 1203 1853 habet
1232 1788 1274 1854 de
1300 1791 1380 1857 aliis

96 1894 249 1988 marg-4
262 1883 445 1961 hominibus,
471 1883 655 1950 sententism
678 1904 878 1970 superenne
902 1884 1185 1970 pronuntiantibus.
1232 1889 1320 1955 Nam
1340 1901 1378 1959 et

261 2070 366 2104 caera·
381 2057 512 2117 requiritur
526 2071 574 2103 nen
586 2055 663 2112 modo,
677 2060 711 2113 nt,
725 2056 791 2115 quod
836 2060 862 2103 et
872 2061 942 2104 notas
952 2062 1047 2105 nostras
1060 2059 1141 2106 videre
1151 2061 1249 2120 poteris.
1280 2062 1310 2110 J.
1321 2064 1359 2113 B.

260 2132 350 2191 coitur,
369 2131 402 2178 sit
417 2130 535 2177 homin
548 2131 691 2190 jusumque,
707 2130 750 2177 sed
763 2134 790 2177 es
881 2133 1051 2193 εΑνφιιιιιιιιέίι
1058 2148 1088 2179 ss
1097 2136 1212 2195 repetitis
1221 2141 1264 2182 cut
1273 2152 1305 2183 ss
1315 2141 1376 2199 ops·-

252 2206 331 2264 flrmc
343 2218 373 2252 ac
386 2210 496 2253 constans
508 2205 573 2252 adsit
582 2206 718 2266 persuasio,
728 2206 790 2253 unde
835 2206 911 2265 niens,
928 2222 1000 2268 quam
1017 2208 1087 2255 habet
1103 2209 1133 2256 ds
1148 2210 1206 2256 ullis
1219 2210 1373 2277 hominibus]

251 2281 303 2339 flat
319 2281 390 2340 astte,
407 2285 441 2335 ut,
458 2281 524 2342 qued
537 2282 577 2340 sit,
587 2282 639 2341 fiat
656 2281 709 2327 idco
725 2281 791 2342 quod
836 2283 989 2342 Augustinus
998 2283 1052 2330 Lib.
1064 2297 1094 2333 ιι.
1108 2283 1137 2330 dc
1154 2284 1260 2331 Ordine:
1276 2286 1374 2347 duplex

259 2357 352 2402 animus
361 2356 698 2418 ttusaetendunjudtcaoerit.
713 2358 788 2418 (Peg.
835 2361 869 2402 est
884 2356 932 2415 ota,
942 2372 1014 2417 quam
1027 2358 1153 2418 οεᾳιιίιιιιιτ,
1163 2372 1215 2405 cun
1228 2373 1309 2407 renim
1324 2378 1373 2411 nos

259 2433 303 2480 238
314 2430 351 2493 u.)
835 2432 967 2480 obscuritas
976 2435 1239 2490 nordmanndorum,
1250 2441 1373 2487 cutcerse

303 2505 315 2539 ‘¹
333 2506 382 2566 Qui
397 2511 476 2554 vetant
495 2508 621 2568 quicquam
637 2519 708 2566 apere
724 2504 789 2563 qued
834 2509 1006 2553 auctoritatem.
1031 2509 1107 2566 (Cep.
1124 2509 1162 2565 ὅ.)
1187 2511 1302 2569 Explicat
1319 2515 1371 2562 hoe

258 2582 360 2643 dubites]
382 2584 474 2629 Plinius
487 2584 540 2628 Lib.
554 2596 571 2627 1.
582 2581 651 2639 epist.
663 2583 699 2625 18.
717 2578 788 2636 Quod
835 2581 933 2625 Gabriel
948 2581 1058 2637 vesques
1078 2581 1167 2638 disput.
1184 2595 1324 2645 nx11.cap.
1342 2594 1368 2641 3,

258 2658 360 2714 dubitas,
371 2658 501 2718 reficeris.
833 2654 946 2696 num.10.

297 2731 394 2777 'ltahbi
404 2723 784 2781 Gswsnrnn,iu1’1nnrhnorn,
877 2720 886 2756 ¹
898 2723 966 2769 Illud
979 2722 1091 2783 Hesiodi]
1109 2725 1169 2771 Usus
1183 2731 1220 2773 est
1240 2728 1367 2783 Minucius

258 2820 314 2865 pag.
327 2807 363 2850 14.
374 2804 419 2848 Ed.
431 2803 459 2847 P.
469 2798 546 2859 Fugit.
577 2797 605 2844 J.
614 2797 647 2843 B.
830 2801 888 2857 post
901 2799 988 2843 melani
999 2812 1104 2858 pugnam
1115 2802 1180 2861 apud
1193 2802 1288 2849 Livium
1298 2807 1367 2857 libro

301 2877 381 2921 ³lloc
397 2888 444 2919 nou
460 2873 518 2919 satis
530 2876 595 2918 recte
609 2871 663 2927 dici,
679 2872 784 2918 ostendit
831 2884 903 2920 xxu.
914 2874 975 2933 (cap.
989 2873 1037 2931 29.)
1066 2874 1130 2920 Eum
1141 2876 1245 2935 primm
1260 2894 1311 2927 csse
1327 2888 1366 2932 υἱ.

259 2952 470 3004 Purssuonrsus,
486 2946 539 2994 Lib.
550 2959 569 2992 1.
584 2960 637 3007 cop.
647 2948 671 2993 3.
683 2944 698 3006 ξ
709 2947 732 2994 8.
743 2945 785 2993 ubi
831 2960 893 3005 run,
903 2948 946 3008 qai
955 2948 1071 3006 ουιιιιιὶαι,
1080 2949 1139 3009 qaid
1153 2951 1179 2995 tn
1194 2966 1241 2997 rem
1257 2954 1309 3002 sit.-
1324 2974 1363 3006 η.

592 3096 614 3101 -
627 3094 701 3101 .---
716 3094 774 3101 --—.
785 3094 862 3102 .-—·—
891 3096 986 3103 —-—.-.-
1004 3096 1032 3102 --.

311 3202 328 3250 2
349 3196 378 3251 It
395 3196 474 3252 otton
492 3196 618 3269 happens
631 3197 693 3252 that
708 3196 757 3252 the
767 3196 918 3268 judgment
933 3197 1000 3251 dees
1015 3201 1066 3251 net
1078 3213 1242 3267 pronounce
1262 3213 1279 3250 s
1297 3213 1354 3251 cer-

257 3282 316 3337 tain
334 3283 466 3350 decision,
487 3283 540 3337 but
557 3283 706 3339 hesitotess
730 3283 786 3337 and
802 3284 827 3337 if
839 3282 894 3338 this
912 3282 1064 3337 hesitation
1079 3289 1183 3336 cannot
1194 3283 1230 3337 be
1248 3282 1358 3338 cleared

257 3370 299 3421 oll'
317 3369 355 3439 hy
376 3387 413 3423 an
436 3370 573 3424 attentius
592 3370 806 3433 consideration,
830 3368 951 3423 Cicero’s
973 3367 1035 3422 rulo
1057 3374 1132 3421 must
1153 3367 1190 3422 be
1212 3367 1359 3434 followed3

255 3452 336 3507 those
351 3454 445 3509 advise
467 3455 530 3509 well
552 3454 614 3509 who
632 3456 721 3509 direct
739 3471 794 3525 you
810 3460 860 3508 net
878 3459 908 3507 to
926 3454 963 3507 do
985 3452 1122 3523 anything
1139 3452 1172 3507 of
1190 3452 1280 3507 which
1303 3471 1362 3526 you

255 3538 344 3592 doubt
364 3539 489 3594 whether
501 3541 523 3594 it
538 3541 560 3593 is
572 3541 633 3609 just
653 3556 686 3593 or
704 3540 815 3609 unjust:
836 3539 891 3592 and
913 3555 944 3593 so
962 3537 1012 3593 the
1026 3539 1147 3593 lIebrew
1164 3544 1283 3594 masters
1301 3557 1362 3612 say,

254 3624 370 3677 Abstain
376 3626 459 3696 from
474 3625 599 3694 dossbtfsl
612 3627 707 3694 thinqs.
743 3626 801 3679 But
820 3624 875 3678 this
890 3624 958 3679 does
972 3629 1023 3678 not
1035 3625 1119 3695 apply
1134 3624 1164 3676 in
1176 3641 1253 3679 cases
1265 3625 1362 3682 where

253 3726 295 3763 wo
307 3708 464 3780 absolutely
478 3719 555 3764 must
566 3711 603 3763 do
616 3726 670 3763 one
685 3709 719 3763 of
729 3716 784 3764 two
799 3709 905 3780 thingss
922 3711 952 3762 in
964 3708 1027 3764 that
1039 3726 1102 3763 case
1114 3726 1156 3765 wo
1167 3716 1244 3766 must
1255 3710 1361 3767 cheose

254 3793 303 3848 the
322 3801 386 3864 part
407 3793 469 3848 that
484 3811 573 3849 seems
587 3794 657 3849 least
672 3796 775 3864 unjust.
814 3794 870 3848 For
885 3796 913 3848 in
930 3796 967 3848 all
983 3812 1060 3850 casos
1072 3797 1101 3849 in
1116 3796 1208 3850 which
1222 3796 1273 3853 the
1284 3797 1361 3853 elec-

253 3880 314 3934 tion
338 3886 442 3934 cannot
466 3879 502 3933 bo
524 3880 652 3943 avoided,
675 3879 725 3934 the
748 3880 802 3934 less
823 3882 919 3950 unjust
942 3898 1066 3935 assumes
1090 3882 1140 3936 the
1160 3883 1308 3938 character
1329 3884 1365 3939 of

252 3966 337 4036 good.
374 3964 435 4019 The
447 3964 517 4020 least
532 3966 565 4020 of
579 3965 647 4020 evils
659 3965 725 4019 isto
740 3965 776 4020 be
788 3965 899 4020 ehosen
935 3967 973 4021 So
988 3966 1132 4033 Aristotle,
1144 3968 1252 4034 Cicero,
1268 3970 1360 4034 Quin·

256 4052 346 4107 tilian.

306 4138 359 4191 III.
396 4136 475 4191 But'
468 4152 497 4190 ιιι
511 4141 585 4190 most
603 4152 688 4199 cases,
704 4136 733 4189 in
749 4135 867 4191 dubious
884 4143 1009 4203 matters,
1027 4138 1077 4195 the
1091 4140 1170 4194 mind
1183 4096 1262 4196 lister
1278 4157 1362 4199 some

253 4222 451 4287 examinationi,
464 4222 531 4275 does
543 4228 593 4275 not
604 4223 712 4276 romain
724 4222 891 4288 undecided‚
902 4224 973 4277 but'
966 4242 989 4278 ιι
999 4225 1093 4278 drawn
1102 4226 1157 4281 this
1170 4244 1231 4299 way
1242 4244 1276 4282 or
1287 4229 1361 4294 that,

252 4308 290 4381 by
305 4314 467 4380 arguments
483 4307 597 4362 derived
617 4308 691 4361 from
711 4307 761 4362 the
775 4308 891 4378 subject,
916 4326 949 4363 or
968 4310 1007 4381 by
1021 4311 1072 4366 the
1089 4314 1204 4384 opinion
1219 4313 1311 4369 which
1336 4316 1360 4370 it

252 4394 303 4450 hos
318 4396 351 4450 of
363 4394 446 4450 ether
459 4410 525 4449 mcn
537 4392 599 4448 who
611 4393 719 4448 deliret
740 4392 815 4449 their
831 4395 997 4452 sentiments
1017 4413 1054 4452 on
1073 4398 1123 4453 the
1136 4399 1254 4471 subject.
1300 4401 1361 4457 For
