2834 4920
214 237 257 304 96
579 249 631 303 DE
653 242 1312 311 JURnJUaANn0.[n1n11.

48 439 173 485 ninam.
214 413 312 478 etad
337 410 579 499 Aristophanem
605 411 800 478 scholiastes
842 411 893 477 Sic
917 409 1075 495 Josephus
1100 430 1157 495 per
1183 408 1315 475 salutem

51 486 102 570 oei
112 530 156 569 ιι
167 531 196 568 ιι
214 511 417 577 Pharaonis'
404 533 528 597 jurasse
550 510 675 598 legitur,
699 531 739 576 ex
762 531 848 574 more
873 510 957 596 apud
980 509 1152 597 AEgyptios
1176 517 1314 593 recepto,

49 627 119 677 ιιιιι
130 626 178 668 ιιι
214 632 307 697 quem
323 610 366 675 ibi
382 618 471 675 notat
487 609 706 685 Abenesdras;
729 608 877 673 clilisaeus
894 608 1064 721 pervitam
1080 607 1168 674 Iiliae.
1202 607 1315 692 Neque

214 731 290 774 vero
308 709 451 775 Christus
464 708 609 774 Mattbaei
624 731 654 773 v.
671 715 709 775 ut
720 706 846 793 quidam
858 707 924 772 exis
925 707 1046 782 timant,
1057 705 1150 771 haeo‘
1136 714 1316 791 juramenta

214 808 284 874 vult
306 807 406 873 minus
431 829 498 872 esse
519 806 603 872 licita
619 827 712 891 quam
729 827 800 891 quae
820 827 967 892 expresso
985 803 1046 871 Dei
1069 805 1192 871 nomine
1217 803 1315 869 finnt:

214 906 270 972 sed
287 929 357 971 cum
371 904 500 970 Hebraei
517 926 555 971 ea
570 904 672 969 minus
688 914 846 983 curarent,
864 903 1007 989 opinione
1023 903 1158 990 quadam
1175 924 1237 966 non
1254 901 1316 967 dis·

214 1004 305 1069 simili
321 1004 401 1069 illius
418 1003 470 1088 qui
488 1002 577 1079 dixit,
592 1004 783 1088 ⁵Sceptrum
800 1025 864 1068 reon
875 1015 976 1088 putat
989 1025 1053 1069 ease
1065 1005 1162 1077 Deos,
1181 1000 1317 1067 ostendit

215 1111 248 1166 et
264 1103 332 1167 haec
349 1122 416 1167 esse
432 1122 508 1167 vera
523 1100 712 1187 juramenta.
754 1102 838 1166 Nam
856 1109 889 1166 et
905 1101 1058 1186 Ulpianus
1080 1100 1197 1187 optime
1217 1099 1317 1166 dixit.

51 1215 154 1309 §affl
149 1215 189 1255 de
220 1202 509 1284 Quiperaalutem
520 1222 615 1265 ιιιαιιι
623 1201 734 1283 jurat,
754 1201 891 1265 Deum
869 1201 1087 1283 yurcreuidet
1074 1208 1139 1274 t,ur
1153 1191 1317 1283 drespectu

52 1321 198 1362 ιιιιιιιιιι
216 1301 299 1365 enim
323 1301 430 1364 divini
450 1301 613 1365 Numinis
629 1299 740 1381 jurat.
781 1297 833 1362 Sic
850 1298 993 1363 Christus
1014 1297 1149 1363 ostendit
1169 1318 1239 1362 eum
1263 1295 1317 1381 qui

49 1368 81 1407 ⁸¹
215 1397 364 1484 templum
387 1397 487 1482 jurat,
516 1395 656 1462 Deum'
642 1417 752 1482 jurare
779 1395 833 1481 qui
860 1395 976 1482 templo
1004 1394 1173 1482 prasidet;
1200 1405 1234 1460 et
1263 1394 1318 1480 qui
1407 1480 1409 1485 Ι

216 1495 339 1572 coelum,
358 1495 463 1560 Deum
478 1517 533 1580 qui
522 1493 626 1559 coelo
643 1494 731 1560 velut
746 1493 868 1564 insidet.

292 1596 314 1659 2
348 1595 393 1659 Δι
416 1593 548 1659 Hebraei
570 1591 711 1681 magistri
736 1591 868 1659 istorum
888 1600 1064 1679 temporum
1088 1592 1317 1669 existimabant,

217 1714 279 1757 non
298 1692 451 1781 obstringi
470 1692 610 1758 homines
627 1691 815 1778 juramentis
836 1713 894 1778 per
910 1713 962 1757 res
982 1692 1121 1758 conditas
1137 1692 1236 1768 factis,
1259 1690 1319 1755 nisi

216 1791 339 1880 adjecta
355 1813 458 1877 poena,
480 1801 516 1856 ut
532 1791 558 1856 si
575 1812 635 1866 res,
656 1791 696 1855 de
713 1811 776 1876 qua
786 1789 965 1876 jurabatur,
984 1792 1052 1855 Deo
1074 1798 1316 1855 consecraretur.

217 1892 289 1956 Hoc
306 1888 387 1953 enirn
399 1896 447 1955 est
458 1888 670 1974 juramentum
686 1886 822 1980 κορβᾶν,
840 1888 905 1954 sive
922 1885 956 1956 ἐν
971 1891 1020 1977 τῷ
1033 1881 1133 1979 δώρῳ,
1152 1887 1240 1973 cujus
1255 1909 1318 1953 non

218 1989 301 2054 dicto
323 1996 446 2054 tantum
466 1987 612 2055 Matthaei
634 1987 709 2064 loco,
736 1987 843 2053 sedin
864 1987 1032 2076 Tyriorum
1053 2008 1178 2073 quoqne
1197 1986 1319 2075 legibus

219 2086 333 2153 mentio
349 2087 503 2164 exstabat,
527 2095 563 2152 ut
579 2108 620 2151 ex
635 2087 657 2151 J
659 2085 766 2173 osephi
782 2094 893 2152 contra
916 2085 1091 2173 Appionem
1107 2085 1319 2171 disputatione

261 2258 390 2306 Eliraeur
397 2273 445 2320 per
456 2260 529 2306 uitam
538 2257 614 2319 Elia]
629 2260 700 2307 adde
711 2272 743 2308 ιι.
791 2261 842 2307 rint
851 2262 1126 2320 vocem,qnanterantnr
1134 2259 1165 2305 ad
1173 2271 1255 2304 omnes
1262 2257 1320 2305 Ori-

217 2333 331 2395 Regum
324 2348 355 2379 ιι.
366 2336 405 2381 30.
422 2334 493 2380 Cant.
503 2334 529 2379 ii.
540 2336 562 2380 7.
793 2336 855 2382 entis
861 2336 964 2396 populos
974 2335 1133 2394 designandos
1141 2349 1147 2379 :
1155 2333 1320 2392 etlongeante

263 2408 274 2437 ⁶
290 2408 372 2456 Ovidii
390 2413 435 2466 est,
460 2408 557 2456 Remea.
577 2408 659 2455 Amor.
680 2422 742 2457 vers.
793 2415 889 2470 tempas
900 2410 1031 2471 juramenti
1045 2410 1109 2455 illius
1124 2408 1263 2466 introducti,
1273 2421 1320 2452 vox

218 2483 272 2532 784.
302 2484 329 2531 J.
340 2483 374 2532 B.
795 2485 925 2546 Καρβᾶνοι
934 2487 959 2532 in
969 2500 1015 2532 nan
1027 2490 1086 2542 erat,
1099 2498 1174 2544 qaum
1187 2483 1320 2543 reperiatur

263 2558 275 2591 ‘l
290 2559 404 2618 Reepectu
419 2559 480 2605 ιιιιιιι
494 2558 570 2604 divini
584 2558 743 2617 Numiniey'u-
793 2560 858 2620 apud
864 2560 1165 2621 AEechylum,abAnctore
1178 2558 1231 2615 ipso
1237 2557 1320 2602 landa-

106 2641 109 2647 '
219 2631 270 2691 rut]
288 2631 581 2679 ItaetGratianuscanaa
589 2645 744 2692 nunquan-
794 2635 1022 2694 tnm.1nEuripide
1032 2640 1120 2688 tamen,
1131 2646 1201 2692 quem
1209 2632 1272 2678 idem
1283 2632 1320 2676 in.

219 2706 284 2752 tione
295 2709 317 2751 1.
795 2709 868 2763 dicat,
878 2721 927 2753 non
936 2708 1044 2768 reperio:
1057 2720 1136 2766 nequa
1147 2707 1212 2752 illam
1227 2708 1320 2752 ιιοιοιίι

263 2780 275 2808 ⁰
289 2779 430 2826 Verisimilia
449 2792 497 2825 non
516 2780 611 2827 videtur
625 2779 684 2825 mlhi
703 2779 745 2825 illa
795 2782 820 2827 in
830 2782 913 2828 Indice
927 2796 971 2827 ano
983 2781 1119 2836 Barnasius,
1132 2781 1270 2840 ceteroquin
1284 2781 1321 2826 di.

220 2856 371 2916 etymologia.
402 2853 556 2915 Neqneenim
567 2854 745 2901 aatnotlerant
794 2856 975 2916 ligentissimna.
993 2857 1096 2903 Videtur
1105 2857 1200 2903 Auctor
1209 2870 1262 2901 cum
1273 2857 1320 2902 into

221 2931 312 2977 Gracia
322 2935 414 2976 veteres
423 2929 511 2986 indari,
519 2928 669 2975 utanomlne
675 2929 745 2989 jura·
795 2931 873 2977 Poeta
896 2932 1031 2978 confudisse
1056 2931 1130 2977 alium
1154 2932 1319 2988 recentiorem,

220 3005 294 3052 menti
304 3006 368 3064 apud
378 3005 422 3050 hoa
431 3005 513 3051 usitati
525 3002 650 3064 illipetere
660 3009 747 3064 potne-
796 3004 864 3066 cujus
879 3006 946 3052 locus
960 3006 1068 3053 adfertur
1085 3005 1110 3051 in
1127 3005 1228 3062 Lexicis,
1243 3005 1321 3065 Lyco·

221 3254 320 3326 hythe
334 3254 384 3309 life
398 3255 432 3309 of
442 3255 582 3321 Pharaoh‚
596 3256 738 3326 following
752 3254 801 3311 the
814 3256 955 3328 Egyptian
967 3259 1092 3320 custom;
1107 3253 1163 3308 and
1178 3253 1276 3309 Elisha
1290 3260 1320 3309 to

221 3339 323 3408 Elijah,
335 3339 375 3393 Aa
390 3342 435 3410 thy
448 3342 507 3395 sowi
521 3342 606 3403 livent,
622 3348 638 3394 2
651 3342 740 3411 Kings
752 3341 781 3393 ii.
795 3347 820 3394 2.

274 3423 340 3478 And
360 3424 461 3487 Christ,
477 3425 508 3477 in
523 3423 625 3478 Mattb.
641 3442 677 3487 r.,
690 3425 757 3478 does
772 3431 831 3488 not,
853 3441 884 3478 as
907 3441 983 3478 some
1004 3439 1134 3495 suppose,
1154 3421 1237 3476 teach
1257 3422 1320 3476 that

222 3508 302 3565 these
321 3508 402 3564 catha
424 3525 474 3563 are
491 3509 546 3563 less
565 3509 660 3562 lawful
676 3508 745 3562 than
762 3507 842 3563 those
857 3509 887 3562 in
901 3509 992 3563 which
1016 3508 1101 3562 God'e
1120 3524 1203 3562 name
1225 3507 1249 3561 is
1273 3523 1320 3560 ex·

221 3595 344 3668 pressei,
359 3596 411 3648 but
425 3593 488 3648 that
506 3593 573 3667 they
588 3610 660 3648 were
675 3600 738 3648 true
757 3593 847 3657 oaths,
861 3592 969 3664 though
983 3593 1033 3649 the
1047 3592 1181 3647 ilebrews
1200 3591 1321 3662 thought

222 3698 301 3736 more
311 3679 411 3752 lightly
422 3678 455 3733 of
466 3680 553 3735 them.
577 3679 616 3733 As
625 3680 730 3750 Ulpian
745 3695 816 3750 says,
829 3679 893 3733 that
906 3679 943 3733 he
958 3678 1019 3733 who
1033 3694 1134 3732 swears
1148 3677 1187 3748 by
1201 3677 1244 3731 bis
1259 3693 1321 3731 own

221 3766 366 3830 salvation,
380 3781 480 3820 swears
492 3765 530 3836 by
540 3765 620 3829 God;
639 3781 670 3818 so
683 3763 777 3818 chria
791 3764 891 3836 taught
902 3764 966 3820 that
979 3762 1016 3819 he
1030 3762 1092 3817 who
1104 3779 1205 3818 swears
1220 3764 1257 3833 by
1272 3761 1321 3817 the

224 3850 337 3921 temple,
349 3867 382 3904 or
393 3849 430 3921 by
441 3849 558 3915 heaven,
570 3866 672 3904 sweara
686 3849 724 3920 by
738 3849 811 3904 (iod,

274 3941 291 3988 2
314 3935 374 3990 The
386 3935 506 3990 Hebrew
519 3934 645 3990 toachers
658 3934 691 3989 of
699 3934 762 3989 that
776 3935 844 3989 time
855 3934 923 3989 held
932 3934 995 3990 that
1006 3950 1071 3989 men
1080 3950 1154 3988 were
1165 3938 1216 3988 not
1225 3931 1322 3987 bound

221 4021 252 4074 in
266 4020 347 4075 oaths
362 4022 391 4075 in
403 4019 493 4075 which
505 4020 572 4092 they
583 4021 640 4075 had
654 4037 746 4075 sworn
763 4020 801 4092 by
819 4020 932 4075 created
946 4020 1049 4091 things,
1063 4025 1163 4091 except
1177 4018 1227 4073 the
1242 4017 1323 4088 thing

222 4121 312 4161 swern
330 4106 377 4177 by,
397 4122 480 4171 were,
497 4122 528 4161 aa
547 4123 566 4162 a
584 4106 708 4178 penalty,
727 4105 824 4160 vowed
843 4112 873 4160 to
889 4104 962 4160 God.
1001 4104 1069 4160 Thia
1089 4106 1112 4159 ia
1132 4103 1182 4159 the
1203 4102 1271 4157 oath
1292 4103 1326 4157 of

224 4191 341 4256 Cerbero,
353 4191 444 4246 which
454 4193 478 4246 is
489 4197 541 4246 not
551 4191 618 4263 only
630 4191 792 4245 mentioned
806 4192 837 4245 in
851 4190 996 4256 Matthew,
1010 4190 1063 4245 but
1077 4190 1136 4244 also
1151 4205 1206 4243 was
1220 4188 1322 4241 known

222 4276 311 4333 totbe
320 4278 446 4349 Tyrians,
455 4294 485 4332 aa
498 4294 539 4331 we
551 4277 630 4330 leam
644 4277 718 4330 from
728 4276 869 4348 Joeephus
880 4278 990 4347 against
998 4275 1119 4348 Appion.
1156 4273 1222 4329 And
1233 4273 1323 4327 hence

222 4363 238 4420 1
255 4379 377 4436 suppose
395 4362 445 4419 the
459 4361 579 4419 oriental
597 4360 713 4434 peoples
726 4378 800 4418 were
816 4361 906 4433 called
921 4363 1059 4428 Karbani,
1078 4378 1109 4418 as
1127 4360 1158 4416 in
1172 4357 1324 4431 AEschylus
