2834 4920
219 202 283 264 338
665 208 716 260 DE
738 206 877 260 POENIS.
1195 208 1267 277 [Iun.
1281 208 1320 262 ll.

219 372 367 459 quemvis
386 371 464 436 fslse
488 369 619 458 religio:
652 377 695 447 et,
725 377 761 435 nt
793 368 974 435 Lactantius
995 368 1142 456 loquitur,
1169 393 1323 437 summum

220 471 352 538 hominis
369 470 508 544 officium,
526 468 586 534 etei
601 491 664 534 non
682 467 784 555 reipsa
801 470 923 534 ‘umen
942 468 1100 555 proposito
1117 477 1271 536 tenerent.

297 573 318 635 2
354 570 398 634 Et
420 590 516 655 supra
539 559 671 634 diximus
692 567 917 654 qualiacunque
938 589 1009 653 quae
1028 576 1179 685 putentur
1196 569 1325 637 numine

222 670 361 757 pejorata
386 690 406 733 1
432 689 507 734 vero
533 666 657 733 numine
682 666 853 732 vindicari:
880 668 1038 744 Ponitur,
1064 670 1145 752 quia
1166 680 1326 755 tauquam

56 787 186 878 171111
227 772 295 834 Deo
305 771 402 853 feeit,
424 766 470 832 sit
492 767 628 832 Senees:
652 767 762 852 opinio
784 767 880 831 illum
899 787 961 832 eoo
981 767 1107 851 oblipot
1124 790 1237 852 poeuoe
1273 769 1325 834 Sie

56 884 204 972 nemun
222 867 338 954 eooipio
356 876 389 932 et
404 865 481 931 illud
499 866 644 931 Seneoae:
673 866 880 930 Violatorum
894 865 1090 949 rolipe'ouum
1101 867 1210 932 aliubi
1227 880 1326 953 atque

58 985 210 1076 1111111
224 969 333 1032 aliubi
355 968 485 1031 diuerso
497 988 599 1050 poeno
614 977 685 1030 est:
710 965 766 1030 eod
782 965 899 1049 uliquis
921 965 1061 1049 aliqum·
1087 972 1120 1030 et
1135 965 1219 1051 quod
1235 967 1326 1032 Puto

83 1031 210 1079 mun
223 1064 333 1153 ospitis
350 1065 478 1130 dsmnat
493 1062 653 1151 religionis
667 1070 879 1128 temeratores.

224 1239 356 1300 Imperium
373 1241 470 1284 unctum
491 1235 645 1283 Providentia
662 1235 751 1292 dimne,
799 1250 854 1296 esp.
863 1239 886 1283 3.
899 1250 964 1282 num.
981 1238 1019 1284 14.
1037 1237 1086 1283 nn
1101 1237 1190 1284 Collnr.
1207 1239 1248 1283 ubi
1263 1239 1325 1285 Leo·

224 1330 274 1362 non
292 1314 357 1374 qnod
376 1313 424 1359 illis
447 1312 515 1358 cordi
534 1311 629 1366 luisset,
644 1310 752 1370 quumvis
800 1310 892 1356 tentius
908 1309 1015 1369 loquitur
1031 1310 1061 1356 de
1078 1309 1215 1356 Idololatria
1230 1311 1255 1355 io
1270 1311 1325 1356 uni·

223 1391 286 1437 isles
305 1389 410 1449 Religio,
430 1390 472 1435 eod
497 1388 528 1433 ob
548 1400 630 1433 eorum
650 1386 752 1432 virtutes
800 1398 904 1431 vorsum.
934 1384 1020 1444 Neque
1029 1384 1095 1431 loeus
1106 1385 1208 1441 Sensum,
1218 1385 1260 1444 qui
1269 1399 1327 1431 mox

226 1464 321 1512 civiles.
352 1463 379 1509 J.
391 1459 423 1510 B.
800 1458 985 1517 nequimus&
994 1459 1233 1520 neoteheieeptstnr.
1256 1458 1328 1508 Η.

270 1536 375 1584 ‘Locus
392 1541 430 1584 est
444 1536 523 1583 111111.
543 1534 625 1581 Dinia.
646 1533 701 1581 Lib.
720 1547 750 1580 ιι.

225 1775 335 1848 though
349 1781 400 1830 not
414 1776 444 1828 in
458 1773 546 1838 truth,
561 1781 610 1846 yet
624 1776 653 1828 in
668 1777 819 1847 purpose*.

204 1926 207 1931 .
281 1869 298 1915 2
316 1861 368 1915 We
380 1861 451 1914 heve
461 1859 576 1930 nlreedy
587 1860 647 1914 esid
662 1859 725 1914 thet
737 1877 807 1914 even
819 1859 974 1930 imsginnrp
986 1858 1086 1913 deities
1097 1858 1179 1913 when
1190 1858 1329 1931 sppeuled

226 1954 257 2002 to
271 1947 309 2017 by
323 1945 454 2017 penjured
468 1960 592 2015 persone,
607 1943 679 1999 heve
695 1944 769 1999 their
783 1961 866 1999 eeuee
887 1944 973 1998 taken
992 1961 1031 2014 up
1051 1943 1089 2015 by
1105 1943 1154 1998 the
1173 1951 1236 1999 true
1252 1945 1326 2002 (iod.

227 2033 273 2087 He
291 2031 314 2084 ie
334 2029 481 2100 puniehed,
495 2045 558 2100 ssye
577 2029 695 2094 Senees,
707 2030 829 2085 beoeuse
845 2029 882 2085 he
902 2029 952 2083 did
964 2030 996 2093 it,
1011 2046 1041 2082 ss
1058 2035 1087 2083 to
1103 2029 1182 2094 θοᾶς
1203 2029 1247 2084 hin
1265 2047 1330 2085 own

227 2117 344 2188 opinion
358 2114 441 2168 binde
455 2115 514 2167 him
529 2122 560 2168 to
574 2114 765 2187 punishment.
803 2115 869 2170 And
882 2131 914 2169 1ο
928 2116 943 2169 Ι
957 2114 1024 2169 take
1038 2114 1102 2168 thet
1116 2115 1198 2170 other
1212 2132 1330 2186 passage

228 2202 261 2257 of
270 2203 390 2255 Seneca:
404 2199 465 2254 The
475 2199 658 2271 punishment
669 2200 703 2255 of
710 2201 845 2272 violeting
855 2200 975 2271 religion
985 2201 1009 2254 is
1020 2200 1152 2255 different
1159 2202 1189 2253 in
1198 2201 1332 2256 different

226 2287 329 2360 plsoee,
341 2285 393 2340 but
405 2301 483 2339 some
493 2285 675 2356 punishment
687 2285 768 2341 there
780 2285 957 2358 everywhere
968 2286 1001 2340 ie.
1031 2287 1070 2341 So
1081 2285 1164 2340 Plsto
1176 2286 1331 2341 condemns
1358 2316 1361 2320 ·

227 2373 309 2427 those
320 2370 382 2425 who
394 2371 430 2424 do
443 2378 493 2425 not
504 2369 613 2426 believe
625 2371 655 2425 in
667 2370 715 2427 the
725 2372 866 2428 existenoe
878 2372 912 2427 of
921 2371 970 2426 the
981 2371 1060 2443 gode,
1073 2375 1104 2425 to
1115 2370 1331 2443 imprieonment

229 2475 261 2514 or
272 2455 359 2513 desth
373 2455 476 2522 (Laws,
487 2456 515 2511 b.
530 2474 555 2510 x.
573 2457 650 2522 end).

273 2594 288 2621 ·
304 2592 444 2639 Lsetnntlus
454 2591 475 2637 ie
486 2593 603 2653 speaking
614 2594 641 2639 oi
648 2593 751 2652 idolntry
761 2594 785 2638 in
796 2594 910 2652 genem:
925 2591 1003 2639 Inetit.
1014 2590 1075 2638 Diu.
1085 2590 1137 2635 Lib.
1151 2604 1179 2636 ιι.
1191 2605 1211 2636 c.
1223 2594 1248 2636 3.
1276 2593 1332 2640 The

229 2684 330 2732 pnnssge
341 2670 403 2715 trem
415 2669 536 2716 Senensis
547 2674 590 2715 not
600 2669 764 2729 appropriate.
796 2668 822 2714 J.
832 2669 861 2714 B.
