2834 4920
233 231 298 296 456
419 239 472 294 ΒΕ
495 239 631 295 CAUSIS
652 238 784 295 tusus
806 238 860 294 UT
880 238 1048 306 BELLUM,
1069 240 1152 296 ETO.
1212 238 1288 309 [Lm.
1301 242 1340 299 Π.

234 406 289 473 diu
305 413 417 472 exacte
439 413 497 482 ost,
522 404 591 472 eliis
614 426 690 471 vero
713 404 856 471 omnibus
874 405 980 471 multis
996 405 1095 472 modis
1112 408 1342 476 commendate.

236 504 390 593 Origenes
416 504 506 571 Celso
530 503 714 571 Christianis
741 502 910 590 objectenti
937 503 1056 569 militie
1081 504 1343 575 detrectationem

72 616 145 709 yffi·
153 614 204 705 {371}
235 604 280 669 sio
295 604 482 690 respondet:
504 606 557 669 leis
577 606 635 690 qui
658 626 681 669 o
700 606 768 687 fide
791 606 895 669 alieni
912 626 979 689 pro
1001 606 1171 687 republica
1192 608 1344 674 militare

235 728 293 771 uos
307 705 434 787 jubent,
457 716 488 769 et
506 706 649 769 homines
664 705 816 778 occidere,
833 705 886 767 lta
907 706 1188 789 respondebimus:
1214 708 1269 771 Hi
1286 709 1344 793 qui

236 804 489 870 uneclocroeum
517 815 695 869 vestrorum
721 815 797 868 eunt
825 804 1016 879 sacerdotes,
1046 815 1077 869 et
1100 805 1236 869 deorum
1265 828 1344 889 quiec

231 906 364 990 putatis
383 905 547 987 flamines,
573 904 706 967 electros
720 924 831 987 puras
850 914 983 968 seruant
1001 904 1241 986 eccmfleiorum
1255 926 1341 990 erpo,

238 1015 276 1068 ut
292 1024 331 1067 eu
350 1003 530 1067 decernentis
555 1014 585 1067 et
608 1002 704 1065 nullu
725 1004 809 1067 ccede
830 1003 1007 1067 maculatis
1028 1004 1180 1067 erunibus
1201 1006 1343 1087 efferaret

238 1104 291 1167 lu's
312 1103 370 1185 qui
392 1103 568 1167 crederetur
586 1102 660 1165 dit.-
682 1121 781 1185 neque
801 1103 832 1166 ei
854 1103 940 1186 quod
960 1104 1133 1165 esuriatur
1152 1103 1273 1167 bellum
1289 1125 1342 1169 ea·

239 1202 380 1267 cerdotee
412 1201 638 1265 ascenduntur
669 1202 821 1265 nonnette.
876 1202 970 1274 Quod
994 1203 1024 1265 st
1050 1202 1089 1265 id
1117 1202 1248 1267 ratione
1279 1225 1342 1269 uon

239 1312 339 1379 earet,
368 1312 490 1385 quanto
517 1301 626 1384 crepis
654 1301 768 1364 ceteris
794 1299 1023 1374 militantibus,
1051 1300 1106 1363 illi
1131 1322 1257 1387 quoqne
1286 1324 1342 1367 suo

238 1402 332 1465 modo
353 1400 501 1464 censendi
516 1410 591 1465 curet
614 1400 769 1473 militare,
789 1410 947 1483 tanquam
962 1399 1031 1463 Dei
1045 1402 1228 1465 sacerdotes
1243 1413 1341 1486 atque

239 1500 386 1573 cultores,
414 1500 472 1583 qui
500 1520 618 1564 manue
643 1500 775 1579 quietem
802 1510 937 1563 servant
957 1520 1078 1582 purus,
1105 1500 1162 1563 ced
1185 1502 1341 1584 precibus

239 1600 331 1683 apud
355 1599 463 1663 Deum
484 1610 609 1661 certant
626 1619 690 1682 pro
715 1599 768 1661 leis
793 1598 855 1679 qui
869 1598 958 1679 juste
983 1597 1141 1677 militant,
1165 1610 1195 1663 et
1214 1620 1282 1683 pro
1306 1620 1341 1664 eo

239 1698 298 1781 qui
309 1698 398 1780 juste
417 1696 560 1780 repeat?
584 1716 645 1781 quo
658 1694 691 1759 in
706 1695 773 1760 loco
790 1695 971 1761 secerdotes
984 1705 1076 1760 vocet
1091 1696 1218 1781 quosvis
1233 1696 1340 1763 Chris·

239 1796 349 1870 tiunos,
367 1794 510 1882 exemplo
526 1804 702 1860 sanctorum
719 1794 914 1880 scriptorum,
931 1794 1029 1880 Apoc.
1046 1794 1067 1859 i.
1081 1796 1122 1871 63
1141 1798 1161 1860 1
1178 1796 1249 1863 Pet.
1261 1796 1293 1861 ii.
1307 1798 1338 1865 5.

314 1896 372 1961 vt.
426 1896 446 1958 1
482 1893 632 1958 Arbitror
659 1914 734 1959 vero
758 1892 1119 1979 eveniroetiamposse,
1144 1894 1236 1959 utin
1258 1894 1339 1959 bello

238 2016 302 2060 non
324 1992 417 2059 dubio
443 2001 565 2058 tentum
589 1992 645 2057 sed
670 2000 704 2057 et
728 1992 890 2057 manifeste
905 1992 1020 2077 injusto
1041 1992 1127 2078 justu
1149 1992 1256 2079 eliqua
1272 2015 1341 2059 esse

239 2092 336 2179 possit
350 2092 543 2156 subditorum
562 2090 708 2155 defensio.
754 2091 837 2155 Nem
858 2113 928 2155 cum
945 2091 1084 2157 subditos
1099 2090 1289 2169 innocentes,
1307 2102 1340 2159 et

239 2212 260 2256 a
288 2189 360 2256 belli
386 2188 477 2276 culpe
503 2198 647 2266 remotos,
675 2188 880 2254 interficiendi
903 2189 956 2276 jus
983 2211 1092 2255 verum
1119 2198 1152 2255 et
1182 2190 1340 2257 internum

239 2290 347 2365 hostis,
360 2288 480 2376 justum
496 2288 638 2374 quumvis
654 2287 768 2354 bellum
790 2310 912 2377 gerens,
929 2311 992 2353 non
1008 2289 1134 2364 habeat,
1151 2289 1210 2354 nisi
1226 2300 1283 2355 out
1298 2290 1341 2356 ed

240 2388 446 2454 necessariam
463 2388 682 2463 defensionem,
699 2397 755 2453 aut
771 2409 828 2473 por
849 2388 1097 2474 consequentiam
1114 2396 1147 2453 et
1163 2398 1256 2454 extre
1270 2411 1342 2476 pro-

240 2488 383 2574 positum,
412 2490 524 2573 (poenoe
548 2487 630 2551 onim
659 2486 703 2550 illi
729 2486 854 2551 obnoxii
880 2509 942 2551 non
969 2490 1053 2571 sunt)
1084 2488 1224 2572 sequitur
1250 2497 1288 2553 ut
1315 2487 1342 2553 si

240 2598 326 2653 certo
349 2596 470 2653 constet
494 2588 615 2651 hostem
641 2608 678 2650 oo
700 2586 806 2651 venire
831 2585 942 2663 animo,
969 2597 1005 2651 ut
1029 2587 1186 2652 hostilium
1203 2587 1342 2653 subdito·

242 2886 368 2942 directed
386 2886 425 2956 by
445 2887 565 2957 especial
580 2886 710 2950 holiness,
725 2887 794 2942 such
808 2904 839 2941 us
862 2904 916 2941 nas
936 2887 1002 2956 long
1016 2885 1133 2940 exected
1147 2885 1180 2939 ot
1196 2886 1342 2941 ecelesias-

241 2973 308 3027 tieul
325 2989 440 3043 persons
461 2973 517 3026 und
537 2974 687 3042 penitentS,
703 2974 759 3026 and
774 2973 899 3045 strongly
914 2973 1129 3026 reeomrnoudetl
1147 2979 1177 3025 to
1192 2972 1231 3024 nll
1247 2972 1343 3026 others

241 3060 271 3112 in
297 3076 382 3129 mnny
402 3074 483 3128 ways.
531 3059 643 3128 Origen,
666 3060 821 3129 unswering
839 3060 887 3114 tho
909 3060 1049 3128 olyeetion
1069 3058 1102 3111 of
1123 3057 1219 3111 Celsus
1242 3066 1273 3111 to
1294 3058 1343 3112 tho

242 3144 405 3206 Christiane,
433 3144 496 3198 thnt
525 3144 592 3214 they
619 3144 747 3198 deelined
775 3146 897 3216 military
923 3146 1036 3207 serrieo,
1065 3160 1145 3214 says:
1177 3144 1257 3197 Tlrose
1285 3146 1343 3197 wlco

241 3230 346 3301 reperire
365 3232 424 3293 eleis,
442 3248 479 3283 we
494 3231 600 3283 reininel
619 3233 655 3301 os
661 3233 701 3283 tlte
708 3232 806 3300 priests
820 3235 855 3303 ⁰s
873 3233 913 3285 tlte
927 3232 1055 3293 leetleus,
1067 3231 1202 3283 relincuere
1215 3230 1343 3283 horcrrdlo

242 3317 304 3387 hup
320 3318 464 3369 themselves
480 3318 639 3386 prcrcsronc
655 3318 694 3370 tlte
708 3318 835 3388 slieddingy
850 3319 886 3387 of
895 3319 994 3370 linconen
1008 3318 1086 3369 blood
1093 3334 1103 3373 ‚·
1125 3316 1183 3367 erud
1197 3315 1247 3369 this
1261 3317 1344 3385 orrylrt

242 3404 299 3457 still
319 3412 344 3456 to
368 3404 395 3455 be
412 3404 452 3455 llic
472 3403 530 3455 rulo
541 3404 596 3472 sor
613 3404 680 3455 those
698 3403 756 3455 celeo
770 3422 818 3456 cre
830 3406 870 3455 ull
878 3405 976 3475 priests
993 3404 1027 3473 os
1039 3402 1109 3455 God.
1150 3402 1176 3452 Τ
1174 3402 1220 3470 lrey
1236 3402 1264 3453 in
1276 3402 1344 3455 tlieir

240 3506 355 3558 propere
370 3497 396 3541 lo
410 3488 473 3541 (lod
486 3490 585 3542 ecrestle
592 3490 646 3558 sor
661 3490 728 3542 theru
741 3490 798 3541 relic
806 3492 877 3563 fiylrt
883 3491 978 3561 justly,
989 3488 1105 3559 eudsor
1116 3488 1172 3539 lrr'ur
1184 3488 1241 3539 wne
1254 3487 1343 3556 reigerus

237 3574 344 3644 justly:
366 3573 459 3627 where
479 3573 516 3627 hc
532 3574 599 3627 calls
614 3574 650 3627 all
665 3574 818 3631 christinus
833 3577 939 3647 priests,
953 3573 1096 3643 following
1110 3571 1159 3626 the
1175 3572 1343 3643 Scriptores,

242 3658 344 3712 Romi.
362 3662 397 3721 (33
422 3660 512 3712 lPet.
527 3660 555 3712 ii.
574 3668 597 3712 ῦ.

300 3744 351 3796 VI.
391 3749 404 3795 l
433 3744 447 3795 I
469 3743 549 3795 think
571 3744 699 3798 however
717 3744 779 3799 that
794 3744 815 3796 it
839 3759 904 3813 may
923 3742 1045 3815 hoppen,
1066 3743 1129 3798 that
1141 3744 1201 3797 inu
1222 3762 1278 3797 wer
1293 3751 1344 3798 not

244 3829 383 3892 doubtful,
397 3828 449 3883 but
463 3846 534 3881 even
548 3830 707 3899 ruanisestly
722 3831 825 3899 nnjust,
842 3828 921 3882 thero
936 3848 1000 3901 nruy
1015 3831 1051 3884 be
1066 3848 1083 3883 a
1098 3832 1158 3900 just
1176 3830 1292 3885 defenso
1314 3830 1349 3884 of

244 3917 293 3970 the
312 3916 433 3986 subjecte
450 3914 512 3967 who
531 3914 596 3969 take
611 3933 628 3967 u
651 3924 715 3986 part
736 3916 763 3968 in
787 3917 817 3969 it.
863 3914 920 3967 For
941 3918 1017 3969 since
1039 3916 1087 3970 tho
1106 3933 1215 3987 enemy,
1235 3916 1344 3986 though

244 4004 373 4073 carrying
395 4018 433 4055 on
451 4018 469 4054 c
489 4002 549 4071 just
575 4018 638 4064 nur,
659 4001 709 4054 hus
730 4006 780 4053 not
802 4018 820 4054 e
845 4005 909 4053 true
930 4002 984 4054 arrd
1008 4002 1133 4056 intrinsic
1152 4001 1227 4072 right
1249 4012 1278 4055 to
1293 4002 1346 4055 hill

245 4089 378 4141 innocent
390 4088 519 4158 subjecte,
533 4087 595 4141 who
611 4087 681 4140 hare
696 4086 814 4156 nothing
828 4091 858 4139 to
873 4086 909 4139 do
922 4088 988 4141 nith
1006 4089 1055 4142 tho
1070 4089 1142 4141 fault
1157 4088 1190 4141 ot
1201 4087 1250 4142 tho
1265 4104 1346 4151 wnrs,

245 4181 345 4244 except
360 4174 450 4228 either
464 4175 509 4227 for
522 4191 669 4244 necessary
683 4173 805 4236 dolense,
820 4189 853 4225 or
867 4172 905 4243 hy
929 4190 1119 4243 consequence
1138 4173 1194 4226 und
1215 4174 1348 4227 extrinsi-

246 4260 318 4331 cally
330 4266 360 4313 to
377 4260 420 4314 his
435 4278 572 4332 pnrp0s03
593 4258 652 4325 (for
665 4259 731 4329 they
745 4276 794 4312 oro
814 4265 865 4311 not
885 4258 968 4314 liuhle
985 4267 1014 4313 to
1030 4260 1209 4330 punishment
1220 4256 1240 4325 ;)
1257 4260 1280 4312 it
1293 4259 1349 4312 sol·

244 4346 311 4402 lows
332 4346 394 4401 that
409 4347 434 4401 it
453 4348 476 4401 it
490 4347 526 4401 bc
545 4346 620 4401 clear
641 4346 703 4400 that
724 4345 773 4399 the
792 4362 893 4417 enemy·
908 4362 1000 4401 comes
1015 4346 1082 4400 with
1101 4344 1170 4400 such
1191 4361 1348 4416 nyrnrposo
