2834 4920
201 200 265 303 l54
412 248 465 304 Du
487 247 706 304 FEDERIBUS
726 247 776 303 AC
799 246 1092 303 SPONSIONIBUS.
1173 244 1247 316 [Lm.
1260 247 1299 302 11.

200 413 278 480 finos
292 411 375 480 nuda
391 412 566 480 abnutivoa
613 411 748 490 Quodsi
766 411 886 478 Lutatii
903 411 1005 499 paatio
1022 411 1127 498 plures
1142 411 1303 480 habuisset

200 521 317 600 parles,
335 521 368 578 et
385 522 505 579 cataras
521 519 627 599 partes
649 532 669 576 a
687 511 760 598 jure
777 511 931 577 communi
946 511 1096 577 abeuntes
1121 511 1302 578 observatas

201 633 222 677 a
238 611 388 678 Romanis
403 633 527 698 semper
542 619 719 698 appareret,
737 609 804 696 jam
827 609 903 676 satis
919 608 1009 675 firma
1024 618 1106 677 asset
1124 611 1302 699 conjectura

201 711 343 798 probata
359 711 519 797 pactionis.

277 812 299 874 4
333 809 487 876 Restabat
509 808 559 874 hio
584 808 688 874 dicere
704 806 822 894 aliquid
839 807 880 873 de
896 806 1097 894 pastionibus,
1116 831 1194 895 quas
1208 808 1302 876 duces

202 917 235 976 et
251 909 363 974 milites
376 929 437 974 non
450 908 491 973 de
507 928 544 972 eo
561 906 644 992 quod
660 905 770 971 summi
787 914 835 972 est
850 905 982 993 imperii,
996 909 1052 973 sed
1068 908 1108 974 de
1124 931 1160 974 re
1177 908 1303 995 privata

202 1028 259 1073 sua
274 1016 330 1072 aut
346 1007 405 1071 sibi
421 1005 571 1093 permissa
588 1004 726 1071 faciunt:
751 1004 807 1070 sed
830 1004 870 1071 de
892 1005 942 1068 his
966 1006 1081 1093 agendi
1098 1007 1303 1095 opportunior

203 1105 264 1172 erit
279 1104 364 1170 loeus
379 1104 434 1172 ubi
447 1104 489 1171 ad
506 1127 544 1170 aa
561 1126 631 1189 quae
647 1103 680 1167 in
697 1102 778 1169 bello
794 1102 938 1169 aooidunt
953 1113 1139 1190 pervomum
1155 1106 1226 1173 orit.

259 1391 277 1441 4
298 1387 327 1442 It
337 1387 482 1442 remained
493 1393 522 1443 to
534 1393 609 1443 treat
621 1388 653 1443 of
662 1388 712 1442 the
724 1388 905 1442 conventione
916 1386 1008 1442 which
1019 1386 1147 1458 generals
1159 1386 1215 1441 and
1228 1403 1305 1442 oom-

204 1472 336 1528 manders
353 1473 386 1529 of
402 1474 503 1529 armies
518 1473 609 1539 make,
629 1478 681 1529 not
692 1474 861 1544 concaming
879 1473 1006 1545 politiaal
1020 1480 1147 1538 matters,
1160 1473 1213 1528 but
1230 1473 1305 1529 their

206 1574 268 1613 own
279 1559 461 1631 proooadings
473 1560 529 1614 and
543 1560 684 1615 business:
704 1559 756 1615 but
768 1576 809 1614 we
821 1559 892 1614 shall
903 1559 975 1614 have
987 1577 1004 1614 a
1015 1559 1110 1616 better
1121 1560 1305 1632 opportunity

206 1643 239 1698 ol
254 1645 408 1717 dissuasiug
422 1644 478 1701 this
489 1646 519 1700 iu
533 1646 655 1717 traating
669 1645 703 1700 of
714 1645 763 1701 tho
777 1645 852 1701 rules
867 1645 901 1701 of
911 1645 988 1699 War.
