2834 4920
228 215 291 278 250
672 222 725 276 ιιιι
747 222 884 277 rmurs.
1202 217 1276 301 [nm
1289 219 1326 275 ιι

228 395 295 455 tum
313 393 435 455 naturae
451 385 610 454 rationalis
631 407 669 451 ao
685 383 805 451 socialis
824 407 887 472 qua
901 382 973 451 talis
994 390 1051 450 ost.
1102 382 1210 451 Dictat
1223 391 1328 453 autom

228 487 310 553 ratio
325 485 441 552 homini
458 486 535 552 nihil
550 485 706 574 agendum
723 505 785 570 quo
801 491 949 550 nonestur
969 481 1086 549 homini
1101 482 1202 560 altori,
1220 482 1279 549 nisi
1295 483 1328 561 id

229 585 344 652 bonum
370 585 497 672 aliquod
520 585 636 650 habant
663 581 863 670 propositum.
922 583 962 648 In
987 581 1053 649 solo
1080 590 1186 649 autom
1213 581 1328 648 inimioi

229 682 346 760 doloro,
374 682 420 750 its
443 683 527 750 nudo
550 690 698 769 spectato,
723 680 842 746 nullum
866 688 915 749 ost
941 681 1055 748 honum
1080 680 1138 747 nisi
1158 680 1269 751 fulsum
1294 689 1328 748 st

228 779 466 871 imaginarium:
492 789 529 848 nt
543 779 577 845 in
598 778 715 847 divitiis
736 779 943 867 suporraouis,
961 778 1126 867 multisque
1146 779 1214 849 aliis
1233 780 1327 847 robus

228 879 388 967 ejusmodi.

306 981 328 1043 2
361 979 471 1064 Atque
486 977 545 1043 hoo
561 999 653 1044 sonan
668 975 816 1043 ultionem
832 976 1009 1065 improbant
1026 976 1060 1042 in
1075 977 1249 1045 hominibus
1264 1000 1327 1043 non

231 1075 398 1142 Christiani
415 1076 506 1141 modo
524 1076 675 1154 doctores,
701 1075 774 1142 ⁰ssd
797 1084 830 1142 st
845 1075 1028 1164 philosophi,
1054 1085 1091 1142 nt
1108 1077 1245 1142 Seneca:
1270 1081 1326 1143 In·

229 1177 408 1240 humanum
428 1177 558 1240 verbum
574 1187 621 1241 est
636 1187 667 1242 ot
683 1177 812 1262 paidom
828 1198 893 1261 pro
906 1176 997 1259 pisato
1011 1188 1170 1261 receptum
1186 1177 1278 1256 ultio,
1295 1188 1325 1242 ot

230 1297 254 1338 a
271 1275 464 1339 contumelio
485 1296 549 1339 ooo
569 1276 680 1359 differt
694 1275 761 1340 nisi
781 1276 904 1339 ordios.
948 1276 1014 1348 Qui
1033 1275 1173 1340 dolorem
1195 1277 1323 1359 reperit,

232 1384 359 1437 tautum
373 1373 557 1438 munatius
566 1386 691 1459 peccat.
744 1373 821 1448 Imo,
842 1373 869 1437 si
886 1372 1025 1438 Maximo
1042 1372 1141 1459 Tyrio
1162 1373 1323 1448 oredimus,

229 1466 248 1539 ὁ
269 1472 417 1563 τιμωρῶν
434 1472 496 1538 τοῦ
517 1466 792 1562 τροῦπᾶρξαντοι
811 1463 1013 1564 ἀδικώτερος,
1038 1473 1186 1558 iniquior
1204 1473 1325 1558 estqui

229 1592 263 1635 ao
278 1571 448 1635 νῖνιζισίιιιν
463 1592 498 1635 oo
514 1572 573 1655 qui
582 1573 681 1656 prior
696 1573 816 1636 nocuit.
857 1571 1027 1646 Musonius,
1045 1572 1092 1646 id,
1110 1570 1163 1645 ait,
1182 1573 1325 1656 ooyitoro

163 1668 170 1682 ‘
229 1670 382 1756 quomodo
399 1669 472 1754 quis
488 1671 669 1734 remordwt
690 1671 893 1746 mordentem,
910 1681 942 1734 et
962 1672 1089 1735 nocenti
1108 1681 1230 1745 noceat,
1238 1672 1324 1755 soro

228 1780 284 1843 ost,
301 1789 365 1832 ooo
380 1768 528 1832 hominis.
579 1767 677 1853 Apud
700 1767 902 1832 Plutarchum
919 1767 1002 1832 Dion
1025 1767 1051 1832 is
1073 1767 1126 1854 qui
1144 1767 1325 1853 sapientium

230 1864 422 1930 Platonicam
434 1864 466 1928 in
478 1872 566 1929 aolus
580 1864 685 1929 civiles
701 1865 875 1931 convertit:
901 1863 943 1933 τό
959 1861 1249 1957 ἀντιτιμωρεῖσθαι
1264 1868 1326 1934 τοῦ

229 1955 415 2057 προαδικεῖν
441 1959 525 2050 νόμῳ
550 1955 750 2058 δικαιότερον
773 1959 920 2054 ὥρι’σθαι,
944 1962 1045 2056 φύσει
1067 1961 1236 2052 γινόμενον
1258 1959 1323 2032 tisri

228 2066 298 2143 μιᾶς
330 2057 506 2134 ἀσθενείας·
537 2063 690 2128 ultionem
723 2064 801 2148 lepis
834 2064 975 2128 arbitrio
1001 2065 1170 2148 justiorem
1205 2064 1325 2130 oortsori

228 2162 329 2226 illuto
344 2160 494 2246 injurio:
511 2173 548 2226 ot
563 2164 595 2227 si
610 2173 737 2227 notura
749 2173 907 2247 opoototur
923 2184 961 2227 on
974 2164 1080 2228 eodem
1098 2164 1204 2228 animi
1218 2163 1325 2227 morio

228 2281 331 2326 nasos.

304 2360 325 2422 3
360 2359 485 2446 Pugnat
507 2379 583 2447 orgo
600 2379 670 2423 oum
691 2365 806 2425 natura
827 2357 959 2424 hominis
975 2357 1009 2422 in
1031 2359 1186 2424 hominem
1204 2357 1325 2447 agentis

227 2455 328 2522 alieno
342 2456 457 2534 doloro,
475 2479 537 2544 qua
548 2456 637 2523 dolor
653 2465 709 2534 ost,
727 2458 845 2523 satiari.
879 2458 984 2543 Atque
998 2457 1076 2522 odeo
1090 2479 1151 2544 quo
1168 2456 1325 2523 hominum

227 2555 357 2641 quisquo
374 2555 474 2621 minus
489 2555 573 2622 valet
587 2555 716 2620 rationis
732 2579 799 2632 usu,
818 2577 855 2621 oo
878 2556 919 2621 nd
936 2555 1104 2621 vindictam
1125 2565 1173 2623 ost
1188 2555 1323 2643 pronior.

227 2653 390 2720 iuvenalis
407 2656 493 2737 (Sat.
512 2675 584 2719 ιιιιι.
604 2655 679 2729 180,
696 2660 728 2719 et
742 2657 860 2740 seqq.):

400 2771 439 2826 At
452 2771 576 2826 vindicta
589 2771 696 2826 bonum
709 2773 768 2826 vita
777 2771 929 2843 jucundius
943 2771 1012 2844 ipsa.

399 2853 529 2929 ¹'Nompo
543 2855 597 2911 hoo
611 2856 726 2920 indocti,
742 2874 861 2928 quorum
875 2858 1029 2929 pracordia
1042 2859 1126 2914 nullis

272 2987 284 3013 ⁰
300 2978 348 3026 Sed
359 2982 381 3024 et
394 2976 548 3038 Philosophi]
565 2978 634 3024 Plato
649 2978 751 3039 Gorqia.
802 2978 929 3026 Terentius
939 2979 1038 3039 Hecyra
1048 2980 1101 3040 (ιιι.
1110 2980 1126 3027 i.
1136 2980 1193 3041 80):

228 3054 291 3101 vids
301 3054 331 3100 da
342 3068 370 3099 so
380 3053 566 3110 Theodorstum,
577 3053 638 3098 libro
649 3065 696 3100 xx.
711 3067 753 3100 ou·
847 3086 909 3126 M
924 3087 977 3126 ,m
988 3097 1030 3126 m
1046 3098 1109 3135 qm
1120 3097 1158 3136 pm
1169 3087 1247 3127 lem
1262 3086 1325 3126 m

227 3128 334 3175 rationis.
892 3149 1022 3197 ,mmm

275 3212 287 3247 ν
299 3203 389 3263 Nempe
398 3204 442 3249 hoo
452 3199 550 3260 indocti]
567 3201 657 3247 Seneca
667 3200 695 3246 tio
707 3200 753 3246 Ira
847 3209 993 3259 ompropurr
1008 3211 1057 3259 qma
1067 3211 1123 3250 enlm
1134 3212 1170 3259 qut
1181 3222 1216 3250 sor
1227 3211 1326 3260 subornat

227 3279 246 3326 1.
264 3281 303 3324 13.
332 3279 365 3323 At
383 3278 425 3337 qui
450 3275 627 3323 iracundissimi
651 3275 753 3333 insontes
891 3273 979 3318 mim·
992 3273 1096 3312 infirmum
1109 3276 1188 3320 setun&

227 3364 336 3410 umque
342 3356 364 3396 a
371 3365 431 3410 w
439 3355 501 3408 m,
517 3355 538 3397 d
549 3348 679 3395 magum
688 3361 753 3393 om
846 3332 923 3371 Ittdom
932 3334 1027 3373 mullsrss
1034 3337 1083 3373 runt
1094 3335 1163 3381 immo,
1175 3337 1200 3373 ut
1211 3333 1275 3382 pueri,
1288 3331 1326 3372 lsrl

227 3429 317 3470 natura
326 3425 447 3484 querulum
457 3429 498 3470 est.
892 3396 996 3435 ”mm
1069 3473 1075 3485 ι

272 3507 284 3540 q
298 3497 373 3544 Nm
383 3490 750 3557 mstqwddmfmfm]
800 3470 943 3517 Ammianus
966 3472 1122 3519 Marcellinus
1151 3474 1213 3521 libro
1237 3487 1325 3522 xxvrr.

228 3679 310 3734 hurm
322 3676 441 3732 anothor
456 3694 530 3740 man,
549 3682 649 3748 oroopt
668 3677 691 3731 it
711 3676 784 3731 hara
798 3692 876 3731 some
893 3677 967 3746 good
983 3691 1112 3748 purpose.
1149 3675 1207 3731 But
1226 3679 1256 3730 in
1278 3679 1329 3736 tho

229 3764 295 3836 pain
315 3763 348 3817 of
362 3780 399 3817 sn
411 3779 520 3834 enemy,
535 3780 567 3818 so
577 3762 699 3832 nakodly
712 3761 857 3831 regarded,
873 3760 1042 3816 thomiano
1056 3760 1139 3830 good,
1151 3760 1203 3815 but
1222 3779 1240 3816 a
1256 3763 1328 3821 falso

229 3849 285 3905 aud
305 3849 460 3921 imaginary
471 3865 542 3915 ono,
560 3865 591 3903 ns
605 3849 636 3901 in
651 3847 824 3918 superfluous
844 3846 944 3913 riohos,
961 3846 1018 3900 and
1030 3862 1114 3918 many
1132 3845 1214 3901 other
1232 3849 1327 3922 things

229 3936 264 3991 of
277 3935 340 3990 that
354 3933 430 3987 kind.

283 4027 300 4076 2
326 4019 432 4074 Audin
444 4017 500 4074 this
513 4033 594 4073 senso
611 4033 732 4088 serengo
749 4018 772 4072 is
787 4016 970 4083 oondomned,
984 4023 1036 4072 not
1050 4017 1117 4088 only
1133 4016 1171 4089 by
1186 4019 1327 4074 Christian

230 4108 351 4170 doctori,
372 4104 423 4159 but
444 4104 502 4159 also
524 4104 561 4175 by
581 4102 705 4158 honthon
725 4102 928 4175 philosopham.
979 4105 1017 4158 So
1046 4105 1161 4166 Seneca,
1187 4105 1325 4159 Maximus

230 4193 341 4263 Tyrius,
356 4191 511 4246 Musonius.
546 4191 581 4244 In
592 4188 735 4253 Plutarch,
749 4189 813 4253 Dio,
825 4187 887 4242 who
902 4190 1051 4245 convertod
1065 4189 1113 4245 tho
1124 4190 1253 4245 Plutonia
1266 4192 1325 4244 wis-

230 4279 297 4333 ‹lom
311 4277 372 4330 into
383 4282 450 4338 aots,
464 4291 527 4345 says
539 4275 601 4330 that
613 4291 771 4346 vongsonoo
785 4275 919 4346 proceeds
933 4275 1007 4332 from
1023 4275 1072 4332 tho
1087 4293 1164 4333 some
1179 4277 1285 4333 disoaso
1297 4274 1329 4331 of

230 4363 280 4420 tho
291 4361 352 4417 soal
367 4377 397 4416 ua
412 4360 546 4431 injuriom
558 4362 724 4433 aggression.
770 4357 861 4429 [Sos]
