2834 4920
155 287 224 344 Car.
239 284 322 355 XX.]
596 284 648 339 DE
670 282 808 339 POENIS.
1194 277 1258 342 293

155 456 216 536 τῆς
243 444 426 524 δειλίας·
407 481 426 532 η
456 445 514 530 μὲν
538 477 608 542 ’γαρ
636 440 672 516 ιλ
701 441 872 530 ἡδονῆν,
853 481 934 532 ησ
901 442 934 519 ii
965 444 1017 520 δια
1043 446 1161 534 λύπην.
1204 452 1257 522 καί

157 550 176 634 ἡ
200 582 259 635 μεν
286 548 377 627 λιίπη
403 547 569 640 ἐξίστησι,
599 547 652 616 καί
681 550 814 642 φθείρει
842 579 906 632 την
936 555 996 618 τοῦ
1019 546 1158 646 ἔχοντος
1187 549 1254 673 oi-

155 673 228 722 σιν·
256 682 275 733 η
266 643 343 719 δὲ
378 641 472 732 niceri
506 640 597 717 σιίδίν
629 651 781 717 τοιοῦτον
811 653 909 732 ποιεῖ,
942 649 1070 732 μᾶλλον
1102 646 1180 720 δε
1166 647 1257 721 ειιοιί-

154 773 239 822 σιον·
265 752 372 836 ηιαηιζν
391 751 583 815 voluntario
601 760 648 814 eet
673 751 920 828 incontinentia,
944 774 1043 836 qnam
1064 755 1256 819 timiditas:

153 875 233 917 nom
262 852 326 916 iiio
355 851 535 936 voluptatis
565 870 649 933 cryc,
676 849 744 913 haec
763 863 900 935 prepter
924 853 1075 916 dohrem.
1128 854 1256 918 nDolor

154 964 264 1018 antem
284 952 442 1015 hominem
466 949 563 1035 qnoei
584 960 678 1013 cetra
703 969 736 1013 ee
761 953 863 1036 rapit,
885 961 1015 1014 νανννια
1037 952 1174 1017 exitium
1196 954 1255 1017 ad-

144 1053 282 1136 ferent:
304 1050 455 1137 volupiae
480 1048 568 1113 nihil
592 1048 667 1124 taio,
694 1049 786 1113 οι’άνο
818 1049 898 1134 plne
928 1050 1025 1114 leahet
1060 1050 1250 1116 voluntarii.

155 1151 193 1214 In
211 1149 343 1216 eundem
369 1169 491 1213 aeneum
516 1145 645 1234 insignia
668 1155 716 1212 eat
738 1147 843 1213 1’locus
866 1147 951 1233 apud
972 1148 1195 1237 Porphyrium,
1215 1150 1255 1216 de

153 1271 216 1315 non
234 1271 287 1315 eeu
304 1245 482 1313 animalium
499 1245 579 1311 libre
596 1245 699 1311 tertie.
1267 1265 1367 1316 rnen

230 1352 251 1414 3
287 1347 393 1414 Ceteri
417 1344 577 1433 appetitus
599 1344 640 1410 ad
666 1346 780 1412 bonum
804 1344 929 1432 aliquod
955 1346 1097 1423 tendunt,
1123 1357 1180 1414 aut
1201 1369 1255 1416 ae·

154 1469 234 1525 rum,
261 1454 318 1513 aut
344 1444 549 1535 imaginabile.
601 1445 688 1510 Vera
713 1446 795 1512 bona
820 1454 911 1511 extra
931 1445 1064 1512 uirtutes
1089 1455 1121 1512 et
1146 1469 1254 1514 earum

153 1547 292 1613 actiones
315 1568 386 1632 quae
408 1545 450 1612 ad
475 1552 634 1632 peecatum
651 1566 713 1609 nen
733 1544 851 1610 ducunt
868 1543 1162 1628 (ἀντακολονθοῦσι
1182 1543 1253 1640 ’γὰρ

154 1653 188 1715 αἱ
210 1643 340 1738 ἀρεταί,
358 1647 581 1712 ³coneentinnt
604 1646 690 1709 enim
712 1647 848 1710 virtutea
870 1647 959 1709 inter
978 1648 1023 1729 ee)
1040 1654 1113 1711 eunt
1129 1656 1184 1713 aut
1200 1647 1254 1713 de-

153 1745 309 1823 lectantia,
328 1752 383 1811 aut
399 1743 616 1810 delectantium
637 1764 739 1820 cauea,
757 1765 828 1829 quae
850 1742 937 1809 utilia
955 1753 1114 1823 vocantur,
1132 1755 1168 1813 ut
1185 1766 1254 1833 pes-

153 1845 322 1911 aeasionum
347 1843 548 1910 abundantia.
599 1842 836 1932 “imaginabilia
860 1853 1050 1909 nouantem
1074 1846 1254 1912 verobona

153 1956 235 2023 eunt,
263 1942 448 2010 excellentia
473 1963 569 2029 supra
595 1941 671 2008 aliea
698 1952 851 2028 quatenus
876 1963 897 2007 a
919 1942 1035 2010 uirtute
1060 1952 1093 2009 et
1119 1945 1254 2012 utilitate

153 2043 336 2134 sejungitur,
354 2051 388 2109 et
411 2042 567 2108 vindicta:
591 2063 663 2127 quae
689 2064 750 2128 que
776 2042 875 2130 magis
896 2052 1048 2109 enatura
1072 2044 1198 2121 abeunt,
1217 2066 1255 2110 ee

153 2153 226 2210 eunt
249 2142 389 2209 foediera
440 2140 484 2207 Et
512 2140 658 2206 hostros
681 2141 839 2228 appetitus
864 2141 1029 2208 Jehannea
1053 2143 1103 2208 hie
1129 2144 1255 2210 vecibus

154 2242 319 2330 exprimit:
344 2237 502 2321 ἐπιθυμία
528 2236 660 2335 caprile,
686 2236 840 2320 ἐπιθυμία
864 2238 932 2308 τῶν
957 2239 1150 2336 ὀφθαλμῶν,
1176 2240 1407 2313 dha-wama

153 2417 253 2466 turnioni
268 2422 354 2467 νίαίιιηι
369 2422 474 2467 monem!
490 2422 561 2480 eique
576 2417 679 2465 conati-
729 2415 797 2476 ζσνσι
812 2415 904 2471 alu-lna,
921 2415 1008 2476 ὥσπερ
1025 2416 1073 2463 ὑπὸ
1089 2418 1192 2478 πληγῆς
1206 2436 1255 2480 χιι·

153 2498 203 2551 ani,
219 2493 301 2554 [neque
315 2507 399 2540 sanun
412 2507 460 2539 otae
474 2491 565 2552 sinant]
578 2491 621 2538 ted
629 2506 678 2537 om·
730 2490 887 2549 λεπιντέρας,
901 2490 1089 2547 ἀνατραπέντα·
1108 2491 1256 2540 Commoaem

152 2569 217 2614 nium
227 2569 311 2614 horum
317 2568 500 2629 σνανίνιίνισιιι
509 2567 611 2628 cupido:
623 2581 678 2612 ιιανι
729 2565 832 2611 animam
841 2579 915 2612 caneo
924 2566 982 2626 plue
991 2567 1149 2613 canonicale
1160 2568 1183 2613 ei
1190 2582 1256 2628 pro-

152 2649 237 2698 cetero,
251 2643 309 2703 quio
323 2642 510 2689 extrinsecaead
518 2656 561 2687 noe
570 2642 677 2701 impetrem
728 2645 784 2696 nat,
804 2640 846 2701 qui
861 2654 891 2687 ea
906 2642 1017 2701 oracione
1032 2655 1114 2702 causo,
1130 2643 1192 2689 celui
1207 2643 1256 2690 ieta

144 2720 335 2780 sooirortnoeqne
339 2719 447 2779 pulsent,
456 2717 564 2764 videntur
571 2717 632 2763 celui
640 2717 676 2762 in·
728 2715 853 2772 calidiore,
868 2717 987 2764 mitur.
1019 2717 1183 2777 (Pag.381.)

151 2795 207 2842 citis
219 2795 324 2842 euenire:
340 2799 368 2840 ot
380 2795 434 2840 eolo
448 2792 541 2853 cupido,
556 2797 635 2850 utpote
648 2805 677 2837 et
773 2789 784 2818 ⁸
799 2791 903 2838 Axlome
917 2791 1061 2848 Stoicorum,
1074 2794 1139 2852 apud
1153 2793 1256 2842 Drean·

151 2871 218 2917 nohis
228 2870 291 2915 intua
300 2874 377 2915 crtum
387 2868 482 2925 haben,
498 2866 576 2927 noeis
587 2867 678 2925 spontis
728 2878 784 2910 nnn
796 2865 946 2923 Lanarum«,
962 2866 1015 2912 Lib.
1025 2879 1072 2913 vn.
1088 2867 1101 2927 5
1113 2870 1164 2916 125.

151 2959 200 2992 esee
210 2949 296 2990 noetroe
305 2943 406 2989 videtur.
439 2940 619 3002 (reginen.)
773 2939 970 3000 almaqinootlia
983 2946 1115 2987 cononem
1127 2957 1179 2989 cere
1194 2945 1256 2992 hona

196 3028 209 3062 ν
223 3018 302 3066 Locus
312 3018 378 3079 apud
384 3015 557 3077 Porphyrium]
570 3017 602 3061 Et
612 3014 677 3061 simi·
728 3014 791 3074 eunt]
807 3016 897 3061 Seneca
913 3015 995 3073 Epiet.
1006 3028 1061 3062 xvr.
1079 3020 1204 3064 naturalia
1214 3020 1254 3066 de·

151 3095 181 3142 ln
190 3096 255 3155 apud
263 3096 297 3141 Μ.
305 3095 456 3141 Antoninum
466 3093 553 3139 devita
563 3107 606 3138 ena
614 3092 676 3139 libro
727 3090 816 3136 siderio
825 3090 901 3148 finito
917 3094 984 3135 mne:
1007 3103 1036 3135 et·
1053 3089 1126 3148 sulen
1146 3092 1256 3150 opinione

152 3183 181 3216 11.
191 3169 216 3230 (5
228 3171 265 3217 10.
294 3168 344 3215 En.
357 3166 457 3226 Gatoh.)
474 3167 514 3213 ubi
526 3167 584 3212 iram
599 3172 624 3213 et
634 3181 676 3212 cu·
727 3165 856 3220 nascentia,
864 3165 904 3209 ahi
914 3163 1177 3219 desinantnonhohent.
1193 3166 1255 3213 vide

151 3244 278 3303 miditatem
290 3242 502 3288 interneconfert.
532 3241 676 3287 Plutarchus
729 3238 1256 3298 Chryeeetomumintrectationibuemoreli.

150 3318 270 3365 Remulo:
297 3315 312 3372 ri
337 3317 363 3363 ei
383 3314 504 3370 κινήσασα
529 3315 577 3361 τόν
602 3314 678 3374 θυμὸν
727 3314 772 3360 bue
789 3314 819 3359 ad
837 3313 954 3361 Romul.
968 3314 999 3359 ad
1017 3314 1208 3364 11.Cor.xi.12.
1223 3317 1256 3364 ad

151 3391 218 3453 eipxri
223 3392 323 3452 μᾶλλον
332 3394 501 3450 παραιτεῖται
511 3389 558 3436 τόν
564 3389 612 3434 ὑπὸ
623 3389 677 3448 μιί-
728 3388 816 3449 Ephet.
827 3387 844 3434 i.
857 3390 893 3435 14.

151 3642 225 3697 titee.
272 3642 370 3697 Hence
392 3639 468 3696 what
485 3642 508 3697 ie
527 3642 600 3696 done
618 3641 742 3713 nrongly
760 3648 790 3696 to
812 3641 894 3697 avoid
917 3640 1012 3706 death,
1029 3641 1253 3714 imprieenment,

148 3728 226 3800 puio,
240 3743 274 3782 cr
288 3734 412 3783 extreme
427 3737 510 3791 nant,
524 3728 546 3782 ia
562 3728 720 3798 commonly
735 3727 802 3782 held
817 3734 890 3783 meet
904 3728 1061 3783 exeueable.

203 3820 220 3866 2
250 3813 314 3867 And
329 3830 360 3868 eo
375 3813 589 3877 Demosthenes,
603 3813 747 3884 Polybius,
761 3812 905 3878 Aristotle,
919 3813 1076 3886 Porphyry.

203 3904 221 3953 3
251 3899 341 3954 Other
360 3901 499 3971 appetitae
515 3899 584 3954 tend
602 3903 633 3952 to
652 3915 729 3953 seme
748 3898 832 3969 good,
852 3898 943 3953 either
961 3900 1117 3973 imaginary
1136 3918 1170 3957 or
1183 3901 1251 3958 reah

149 3984 227 4040 True
241 3985 324 4055 good,
339 3987 370 4050 ie,
385 3985 494 4040 besidea
509 3983 558 4040 the
573 3985 678 4039 virtues
692 3985 748 4038 and
760 3984 835 4038 their
849 3984 956 4040 actione
968 3985 1059 4040 which
1071 3988 1171 4042 donet
1183 3987 1252 4042 tend

149 4075 181 4125 te
195 4071 247 4135 ain,
262 4070 353 4125 either
367 4070 461 4142 things
476 4070 564 4125 which
586 4070 702 4142 delight,
723 4086 757 4125 or
776 4070 826 4124 the
841 4087 924 4125 cauae
942 4070 976 4126 of
992 4071 1108 4142 delight,
1122 4073 1213 4127 which
1228 4073 1252 4127 ia

148 4155 241 4210 called
259 4157 362 4227 utility,
383 4173 414 4212 ae
436 4156 602 4210 abundance
625 4155 660 4210 of
681 4156 861 4227 possessione.
904 4157 1065 4228 Imaginery
1084 4158 1180 4227 goede,
1201 4163 1253 4211 not

148 4241 218 4305 real,
228 4258 277 4296 are
288 4242 457 4313 superiority
469 4258 536 4297 over
546 4240 650 4305 ethere,
662 4258 692 4296 ee
704 4242 749 4295 far
758 4259 788 4296 ee
796 4243 819 4296 it
831 4243 854 4296 ie
866 4248 995 4313 seperate
1006 4241 1081 4295 from
1093 4243 1183 4296 virtue
1195 4241 1252 4295 and

149 4327 253 4398 utility,
267 4328 324 4382 aud
345 4344 472 4399 revenge.
517 4326 609 4382 These
623 4327 705 4382 three
719 4327 859 4398 appetitos
879 4328 913 4381 St
926 4326 1003 4381 John
1022 4325 1088 4379 calla
1101 4327 1141 4380 tte
1157 4326 1209 4380 luet
1223 4328 1259 4400 os

149 4413 192 4468 the
202 4413 281 4484 ficei,
296 4414 337 4468 the
350 4413 404 4468 laet
417 4417 455 4484 ⁰s
466 4414 508 4469 the
521 4430 584 4486 eyes,
599 4413 657 4467 ond
670 4413 711 4468 the
720 4412 802 4484 pride
815 4413 853 4482 ο]
867 4412 924 4482 lise.
969 4410 1030 4466 'l'he
1045 4411 1106 4467 flret
1125 4427 1253 4486 eompre-
