2834 4920
215 195 280 260 324
659 207 711 261 ΒΕ
734 204 869 261 POENIS.
1192 202 1263 272 [Lm.
1278 204 1317 261 11.

120 389 121 392 ’
220 366 325 456 “apud
342 323 447 434 omnes
463 366 561 434 lerme
574 389 650 454 quos
667 367 808 434 novimus
824 365 965 455 populos,
978 388 1036 454 per
1052 366 1125 434 tot
1112 389 1179 455 Jam
1195 366 1318 443 seeouls,

57 485 234 582 gaggam
223 476 414 534 conservatae
438 476 519 534 sunt
567 467 650 532 Hine
676 466 863 554 Pomponius
891 488 968 555 erge
999 468 1101 532 Deum
1134 466 1319 555 religionem

59 594 170 633 uma.
179 593 206 633 n.
220 567 286 655 juri
300 566 442 633 asscribit
461 566 620 654 gentium.
643 574 676 631 et
697 567 782 652 apud
807 565 1055 652 Xenophontem,
1073 567 1217 631 Socrates
1242 595 1320 639 τους

58 641 143 680 Μ
152 641 180 680 ¹³
225 663 315 737 θεοῦι
338 662 464 753 σέβειν,
485 667 574 732 Deos
602 667 703 731 colere
730 667 827 751 legem
853 688 917 731 esse
942 664 996 741 ait,
1018 685 1088 750 ques
1109 665 1193 751 apud
1212 687 1319 730 omnes

224 765 364 831 homines
382 764 505 830 vslest:
523 764 606 850 quod
617 773 649 830 et
661 764 769 830 Cicero
782 773 849 830 tum
866 767 906 830 de
922 766 1061 830 Natura
1077 766 1222 830 Deornm
1238 764 1318 829 libro

59 881 112 976 gpp
117 882 150 967 l}
224 864 333 952 primo,
351 874 418 930 tum
434 864 568 929 seeundo
586 863 626 928 de
647 861 825 929 inventione
840 863 982 927 affirmet
1030 861 1114 928 Dion
1130 862 1321 928 Prusaeensis

61 986 133 1036 μοι.
225 964 366 1029 oratione
396 985 454 1028 xu
483 970 574 1027 vocat
598 955 694 1050 δόξαν
720 958 770 1030 sel
799 958 944 1030 ἐπίνοιαν
971 965 1058 1057 κοινῇ
1088 965 1150 1031 τοῦ
1176 959 1320 1050 ξύμπαν-

227 1090 286 1132 τος
315 1059 522 1152 ἀνθρωπίνου
553 1056 679 1146 γένους,
709 1057 822 1143 ὁμοίως
850 1057 910 1139 μὲν
934 1056 1116 1144 Ελλήνων,
1144 1056 1254 1143 ὁμοίως
1284 1054 1320 1129 ie

225 1157 474 1255 βαρβάρων,
451 1161 638 1249 ανογκαῖον
665 1158 717 1228 rei
742 1154 935 1252 εμφντον
919 1188 954 1228 εν
981 1163 1085 1231 οιαντιΙ
1111 1163 1161 1248 τῷ
1189 1163 1319 1250 λογικῷ

225 1257 398 1350 γινομένην
419 1289 506 1329 κατα
498 1255 648 1353 φύσιν·
668 1262 913 1376 persuasionem
938 1281 1009 1342 qua
1030 1263 1115 1326 insit
1132 1262 1319 1327 bominibus

225 1363 435 1426 communiter
463 1361 619 1434 omnibus,
647 1381 711 1424 nort
737 1361 845 1424 minus
871 1360 1024 1424 barbaris
1054 1382 1154 1446 quom
1181 1360 1318 1435 Groeot's,

224 1461 442 1526 necessariam
471 1481 511 1524 οο
537 1459 724 1523 naturalem
752 1460 878 1524 canetis
901 1460 1029 1525 ratimte
1055 1459 1229 1524 utentibus.
1276 1459 1320 1524 Et

224 1558 424 1646 paulopost:
450 1552 535 1626 estivo
559 1553 704 1649 ἱσχυροῖν
723 1556 775 1624 καὶ
802 1553 935 1625 ἁέννοον
953 1553 990 1623 ἐκ
1012 1554 1074 1624 τοῦ
1095 1553 1219 1630 nauseis
1236 1552 1328 1649 χρό-’

225 1687 279 1727 νου
304 1658 356 1726 nai
376 1655 469 1750 παρὰ
492 1653 575 1725 πάσι
603 1658 672 1728 τοῖς
700 1650 828 1724 ἔθνεσιν
856 1651 1037 1748 ἀρξαμένην
1067 1685 1108 1723 τε
1133 1654 1184 1723 καὶ
1211 1648 1319 1734 διαμέ-

225 1777 355 1826 νουσαν·
374 1758 620 1842 persuasionem
636 1757 910 1832 conterebratam
927 1777 968 1820 ao
983 1759 1211 1841 sempiternam
1228 1757 1320 1840 apud

223 1878 329 1922 omnes
359 1868 468 1940 pentes
496 1867 527 1920 et
562 1866 699 1938 coeptam
733 1865 764 1919 et
791 1867 1041 1938 pemanentem.
1093 1854 1270 1941 Xenophon
1285 1854 1319 1917 in

58 1968 143 2019 cnr-b·
154 1969 203 2018 w-
228 1957 382 2022 Convicio
399 1962 431 2019 et
449 1953 576 2019 Grecos
595 1961 630 2018 et
651 1951 802 2017 barbaros
822 1951 868 2018 ite
888 1952 934 2018 sit
955 1951 1141 2030 existimare,
1160 1961 1235 2019 nots
1251 1973 1319 2019 esse

221 2053 292 2118 Diis
308 2061 341 2119 et
356 2051 524 2141 proesentis
540 2059 573 2117 et
589 2051 704 2117 future.

297 2155 320 2217 4
354 2152 425 2217 Has
441 2150 539 2239 igitur
557 2150 683 2216 notities
705 2149 759 2237 qui
776 2149 869 2237 primi
886 2149 1037 2239 incipiunt
1053 2151 1175 2229 tollere,
1190 2150 1270 2217 siout
1285 2151 1320 2217 in

221 2250 302 2318 bene
318 2249 492 2317 constitutis
513 2248 689 2316 civitatibus
711 2249 847 2315 coerceri
868 2250 979 2327 solent,
1005 2260 1041 2317 ut
1058 2251 1205 2341 Diegorse
1222 2250 1320 2316 Mello

221 2351 368 2417 occidisse
388 2349 531 2439 legimus,
555 2357 588 2415 st
612 2348 781 2436 Epicureis,
800 2348 853 2434 qui
878 2371 917 2415 ex
943 2350 1022 2415 bene
1041 2350 1169 2417 moretis
1190 2351 1320 2417 urbibus

221 2449 312 2537 ejecti
338 2458 420 2527 sunt,
449 2450 511 2515 ‘ito
537 2458 570 2515 et
596 2448 733 2513 coerceri
758 2469 849 2534 posse
871 2447 1008 2514 arbitror
1032 2449 1156 2515 nomine
1175 2452 1320 2516 humsnae

263 2634 275 2668 s
289 2625 363 2686 Apud
378 2638 454 2671 omnes
465 2623 544 2683 smne
563 2634 622 2681 quos
641 2621 746 2666 sosimus
793 2620 882 2666 cudat.
912 2621 981 2667 Idem
996 2621 1024 2667 de
1041 2621 1169 2681 Beneficiis
1184 2636 1219 2670 rw.
1235 2626 1258 2669 4.
1278 2637 1322 2671 nee

215 2699 330 2760 populos]
361 2700 453 2745 Seneos
471 2696 541 2756 epist.
565 2707 647 2741 cxvn.
682 2693 745 2739 Tan-
793 2694 818 2739 in
827 2694 888 2740 hune
894 2695 1007 2754 fierorem
1016 2710 1093 2741 omnes
1102 2698 1214 2742 merides
1223 2712 1321 2744 consen-

219 2789 291 2834 qunm
299 2775 365 2819 Deos
373 2786 421 2818 esee
431 2773 491 2818 inter
500 2770 553 2816 alia
562 2770 598 2816 sic
607 2768 746 2829 colligimus,
792 2766 876 2813 siccem
882 2767 1018 2826 alloquendi
1024 2768 1098 2813 surda
1105 2770 1201 2816 numina
1210 2777 1232 2816 et
1242 2772 1322 2834 inoffi.

219 2848 285 2908 quood
293 2847 398 2893 omnibus
407 2846 436 2892 de
445 2846 504 2892 Diis
519 2844 600 2905 opinio
613 2843 686 2889 insita
696 2848 743 2889 est:
793 2856 861 2889 cacos
869 2842 942 2898 Deos,
960 2840 1002 2900 dyc.
1032 2843 1104 2889 Addo
1117 2844 1242 2891 Plutonem
1256 2847 1322 2893 Pro.

219 2937 261 2970 nec
270 2923 322 2969 ulla
330 2936 387 2983 qens
395 2919 599 2982 espuammadeo
607 2922 676 2963 entra
685 2917 747 2978 leges
793 2921 888 2977 tepora,
902 2916 972 2977 (pag.
983 2919 1035 2964 322.
1057 2918 1127 2966 Τοιιι.
1138 2918 1169 2979 ι.)
1186 2925 1211 2966 st
1227 2921 1321 2969 decimo

219 3012 339 3058 moraque
348 2996 465 3057 projecta,
479 3000 566 3042 utnon
579 2993 674 3054 aliquos
691 2993 747 3038 deos
794 2992 824 3038 dc
839 2991 948 3052 Leqttrm
963 2992 1031 3053 (pag.
1046 2995 1089 3041 887
1106 3007 1132 3042 n.
1149 3007 1174 3042 ιι.
1195 2996 1264 3042 Τοιο.
1277 2997 1320 3059 ιι.)

219 3239 309 3309 thing.
345 3238 444 3294 Hence
466 3240 639 3312 Pomponius
654 3239 794 3295 describes
815 3240 933 3311 religion
948 3239 1067 3295 towards
1087 3239 1152 3295 God
1172 3256 1202 3294 as
1222 3257 1240 3294 ο
1254 3248 1321 3311 pnrt

220 3324 254 3377 of
263 3324 311 3378 the
325 3323 378 3377 lew
392 3325 426 3379 of
437 3328 565 3390 nations3
579 3327 635 3379 snd
648 3327 777 3381 Socrates
792 3326 821 3378 in
835 3326 996 3398 Xenophon
1009 3343 1070 3397 says
1082 3325 1145 3380 that
1157 3331 1185 3379 to
1200 3327 1320 3399 worship

219 3408 270 3463 the
293 3408 370 3478 gods,
390 3410 414 3463 is
437 3426 455 3463 s
477 3411 539 3465 rule
560 3428 663 3481 smong
684 3412 723 3465 sll
745 3427 819 3465 men.
864 3412 903 3464 So
923 3411 1037 3475 Cicero3
1058 3411 1114 3466 Dio
1133 3413 1322 3478 Prusrocnsist

219 3493 381 3564 Xenophon
395 3495 423 3546 in
436 3494 485 3549 the
500 3495 679 3566 symposium.

274 3585 291 3631 4
318 3579 471 3634 Therefore
491 3580 570 3635 those
585 3580 646 3634 who
659 3581 720 3635 first
731 3580 816 3652 begin
829 3586 859 3634 to
874 3580 941 3635 tslre
954 3598 1031 3651 away
1045 3581 1125 3634 these
1139 3584 1321 3650 convictione,

219 3680 251 3719 es
268 3663 336 3735 they
356 3681 430 3735 msy,
447 3666 477 3718 in
497 3666 560 3720 well
579 3667 751 3720 constituted
768 3672 863 3731 etates,
883 3667 920 3720 be
940 3666 1057 3720 coerced
1076 3666 1113 3736 by
1129 3667 1322 3736 punishment,

219 3766 250 3804 ns
269 3766 325 3802 was
345 3749 418 3804 done
438 3756 469 3804 to
490 3752 627 3822 Diagoras
649 3751 759 3814 Melius,
780 3752 836 3805 end
858 3758 888 3806 to
907 3750 957 3805 the
977 3752 1157 3822 Epicuresns,
1171 3752 1234 3806 who
1247 3772 1321 3810 were

220 3833 329 3906 eJected
350 3835 424 3888 from
446 3835 665 3907 well-governed
685 3843 787 3901 stutes3
816 3853 846 3891 so
870 3854 935 3907 may
956 3837 1024 3908 they
1044 3837 1081 3890 be
1102 3838 1229 3902 coeroed,
1252 3856 1283 3894 as
1305 3842 1322 3895 Ι

220 3921 360 3985 conceive,
380 3922 409 3974 in
428 3921 478 3976 the
497 3939 580 3977 neme
592 3922 625 3976 of
636 3923 742 3977 humen
762 3923 876 3993 society,
896 3922 987 3977 which
1003 3922 1070 3994 they
1085 3924 1187 3977 violato
1201 3926 1322 3982 without

220 4007 356 4080 probsble
378 4024 488 4062 resson.
535 4009 572 4062 So
590 4009 732 4063 Himerius
753 4009 885 4080 plesding
905 4010 1014 4080 sgsinst
1030 4010 1183 4080 Epicurus:
1202 4011 1249 4063 Do
1263 4030 1321 4082 yon

220 4096 280 4148 then
292 4095 408 4147 demam
422 4095 479 4148 stet
496 4112 566 4149 mae
580 4096 709 4149 doctrines
723 4097 751 4149 be
768 4096 923 4166 punbludi
951 4096 996 4165 By
1018 4113 1052 4149 no
1070 4114 1169 4154 οιοοιιι,
1194 4098 1239 4149 bnt
1261 4099 1321 4151 nat

220 4181 328 4251 impiety
339 4181 441 4235 ebonld.
490 4181 555 4234 Men
568 4199 633 4252 may
644 4182 741 4235 deliver
755 4182 898 4241 doctrinm
919 4183 976 4252 they
991 4199 1055 4252 irony
1069 4191 1115 4234 not
1130 4167 1224 4253 oppone
1234 4183 1317 4253 piety.

272 4267 393 4321 XLVII.
440 4272 454 4320 l
483 4265 573 4322 Other
587 4268 679 4338 points
694 4267 728 4321 ol
744 4266 862 4338 religion
877 4284 925 4322 ere
940 4272 990 4322 not
1001 4284 1031 4321 so
1050 4267 1181 4332 evident3
1203 4285 1242 4332 ss,
1255 4269 1321 4324 thet

213 4352 301 4407 there
321 4369 370 4408 ere
396 4359 447 4407 not
469 4369 548 4410 more
571 4353 641 4426 gods
665 4353 735 4409 then
757 4369 829 4410 oue:
853 4352 915 4409 thet
942 4352 1005 4408 God
1028 4354 1051 4408 is
1074 4358 1126 4407 not
1144 4369 1200 4424 any
1221 4354 1321 4410 visible
