2834 4920
80 251 150 308 cm.
164 202 247 321 xm]
523 246 575 301 nn
597 246 735 301 rmum.
1120 235 1182 307 273

81 425 171 505 patet
186 437 279 502 quam
298 413 341 478 illi
359 413 474 478 volunt.
526 412 608 476 Nam
626 410 687 478 Dei
704 410 813 500 ingens
829 408 1040 476 misericordia
1053 408 1086 474 in
1101 433 1182 476 novo

81 517 190 582 federe
212 512 369 600 patefacta
393 510 549 600 praecipue
573 517 694 598 spectat
718 517 846 597 peccata
868 517 976 575 contra
1000 510 1182 596 primaevam

82 616 195 703 legem,
210 619 267 678 aut
283 611 377 677 etiam
394 619 503 675 contra
519 610 620 697 legem
637 608 733 674 Mosis
748 608 909 674 commissa
925 618 998 674 ante
1021 619 1181 696 acceptam

82 711 251 799 Evangelii
267 709 417 786 notitiam,
439 710 542 774 Actor.
559 707 631 774 xvii.
648 711 712 784 30;
740 710 830 773 Rom.
848 708 880 777 ii.
901 709 965 784 25;
990 709 1097 775 Actor.
1113 709 1179 779 xiii.

82 815 148 889 383
170 810 273 876 Hebr.
288 808 330 873 ix.
348 811 400 874 15.
452 806 533 873 Nam
557 829 628 893 quae
653 816 761 893 postea
780 805 1023 888 committuntur,
1049 829 1181 894 praeser-

82 910 139 976 tim
155 909 183 975 si
198 908 280 976 adsit
297 905 497 984 contumacia,
515 905 779 972 comminationem
802 906 920 970 habent
935 898 1058 992 bjudicii
1083 907 1180 973 multo

82 1007 258 1084 severioris,
286 1028 379 1093 quam
402 1006 480 1072 illud
504 1005 565 1070 tuit
586 1005 669 1091 quod
694 1026 751 1092 per
777 1006 897 1069 Mosem
923 1014 971 1071 cst
994 1004 1179 1082 institutum,

84 1108 186 1174 Hebr.
202 1106 233 1172 ii.
252 1108 284 1183 2,
300 1108 332 1183 3,
350 1129 380 1170 x.
405 1107 469 1182 29;
494 1104 608 1169 Matth.
628 1126 656 1169 v.
680 1107 733 1181 21,
758 1106 812 1181 22,
830 1105 882 1169 28.
920 1104 1031 1189 Neque
1056 1105 1180 1170 veroin

83 1206 185 1272 altera
200 1213 322 1271 tantum
339 1204 412 1281 rita,
430 1204 485 1268 sed
502 1212 535 1267 et
546 1202 579 1266 in
592 1203 651 1267 hac
668 1203 736 1289 ipsa
752 1203 784 1267 in
800 1203 878 1268 tales
895 1204 1000 1289 culpas
1017 1204 1103 1270 Deus
1119 1226 1181 1268 non

83 1327 157 1371 raro
173 1303 403 1380 animadvertit,
422 1305 441 1368 1
461 1303 533 1368 Cor.
551 1301 591 1366 xi.
610 1304 663 1367 30.
707 1305 753 1367 Ac
769 1301 875 1367 talium
892 1302 1062 1366 facinorum
1080 1302 1181 1367 indul-

83 1403 191 1492 gentia
216 1425 278 1468 non
308 1403 387 1468 solet
413 1400 584 1488 impetrari,
612 1399 690 1464 cnisi
723 1401 789 1488 ipse
826 1401 917 1465 homo
950 1401 991 1466 de
1023 1423 1057 1465 se
1091 1401 1180 1487 quasi

82 1523 190 1589 poenas
215 1499 367 1590 exegerit,
397 1505 417 1567 1
448 1502 519 1567 Cor.
547 1499 588 1564 xi.
623 1502 676 1577 31,
705 1501 795 1588 gravi
822 1500 954 1586 quodam
986 1522 1127 1579 moerore,
1158 1503 1179 1566 2

83 1601 157 1667 Cor.
174 1599 205 1667 ii.
223 1599 253 1670 7.

158 1701 180 1765 2
215 1700 340 1788 Urgent
356 1698 447 1763 iidem
466 1699 573 1765 saltem
588 1697 767 1785 poenitentia
784 1696 884 1763 ductis
899 1698 1032 1763 dandam
1049 1699 1180 1786 impuni-

82 1806 190 1865 tatem.
242 1799 305 1865 Sed
329 1807 365 1864 ut
387 1797 526 1863 omittam
555 1799 593 1864 de
622 1819 697 1862 vera
721 1796 901 1884 poenitentia
926 1797 1100 1863 hominibus
1127 1799 1180 1864 vix

81 1920 149 1963 esse
165 1906 201 1964 ut
215 1907 343 1974 constet,
359 1919 416 1961 nec
432 1917 616 1984 quemquam
635 1918 695 1961 non
711 1895 836 1982 impune
853 1918 909 1961 sua
924 1896 1085 1963 malefacta
1101 1896 1181 1963 latu·

81 2019 162 2076 rum,
180 1996 287 2061 sieam
300 1995 409 2082 quovis
425 1997 516 2062 modo
531 1996 669 2083 profiteri
684 1995 823 2074 sufficiat,
839 1997 926 2061 Deus
941 1995 1007 2082 ipse
1024 2018 1085 2060 non
1103 2019 1180 2062 sem-

80 2116 139 2182 per
152 2095 331 2183 poenitentia
344 2094 443 2161 ductis
456 2117 576 2160 omnem
590 2094 721 2160 remittit
733 2117 873 2180 poenam:
891 2095 972 2180 quod
987 2096 1035 2160 vel
1050 2095 1181 2160 Dividit

82 2195 224 2282 exemplo
240 2203 380 2281 apparet.
418 2194 505 2260 Sicut
522 2216 598 2282 ergo
612 2215 734 2281 poenam
751 2194 838 2282 logis,
856 2194 889 2259 id
906 2204 953 2260 cst
968 2205 1098 2260 mortem
1117 2194 1181 2260 vic·

124 2369 254 2416 ιΡοιιιοιι
274 2373 296 2415 et
313 2382 365 2415 cum
382 2368 491 2413 humanit
510 2367 607 2427 legibus,
655 2366 790 2426 dejejunto.

80 2443 185 2490 divinata
198 2445 244 2490 hcc
258 2444 283 2489 t'a
297 2448 368 2502 parte
384 2443 536 2498 imitantibus,
551 2455 606 2488 cott-
698 2449 709 2476 ι
723 2441 782 2487 Nisi
796 2442 846 2501 ipse
861 2441 928 2486 homo
938 2441 967 2487 dc
976 2455 1001 2488 te
1015 2444 1086 2502 qttact'
1097 2457 1180 2501 poeaas

79 2517 172 2578 sistere]
193 2519 346 2578 Augustinus
361 2517 518 2577 quaestionum
534 2529 606 2562 evan·
654 2515 768 2576 exegerit]
791 2517 907 2563 Peccator
921 2522 974 2562 ante
989 2518 1079 2563 amiam
1095 2519 1181 2577 deflere

79 2593 211 2651 gallearum
220 2592 283 2639 libro
293 2605 311 2637 1.
323 2592 455 2651 quastione
465 2606 488 2637 s.
654 2607 679 2638 te
698 2591 770 2638 dehet.
801 2590 963 2637 Tertullianus
983 2590 1012 2637 ds
1031 2591 1180 2651 Poettt'teatt'u,

125 2665 608 2725 tJudtctiauttoeecertoraquaatttud
654 2668 688 2726 (c.
710 2664 746 2726 6.)
783 2665 925 2712 Ambrosius
950 2667 974 2711 in
998 2667 1062 2713 Psal.
1090 2668 1177 2712 xxxvii.

71 2743 128 2803 fuit
146 2742 210 2802 quod
229 2755 276 2801 per
294 2742 387 2787 Mateta
410 2746 444 2786 stt
466 2739 605 2799 institutum]
656 2743 841 2803 chrysostomus
857 2741 947 2787 inlad
960 2742 1097 2788 Corinthios
1106 2743 1179 2790 Hom.

80 2817 264 2877 chrysostomus
279 2817 342 2862 idem
359 2814 425 2868 dicit,
442 2820 493 2860 tum
510 2815 534 2860 iu
553 2828 606 2860 ora·
655 2814 735 2861 xxviii.
746 2818 771 2859 et
782 2813 805 2857 in
815 2812 956 2858 htatthaeum
965 2812 1093 2859 Homulli.
1110 2813 1180 2859 Adde

79 2892 146 2939 tione
161 2891 191 2937 ad
208 2896 300 2952 patrem
317 2890 420 2946 fidelem,
436 2894 488 2936 tum
502 2891 607 2936 secunda
655 2889 738 2935 2Cor.
750 2889 789 2934 vii.
800 2888 815 2936 9
826 2892 850 2934 et
861 2891 898 2934 to.

79 3119 133 3174 but
145 3119 168 3173 it
182 3117 250 3173 does
264 3122 315 3173 not
328 3118 432 3173 extend
452 3134 484 3173 eo
503 3116 548 3172 far
566 3135 597 3174 as
610 3118 678 3190 they
691 3118 768 3173 wish.
814 3119 871 3172 For
883 3117 932 3172 the
945 3123 1026 3188 great
1039 3134 1135 3189 mercy
1150 3118 1183 3172 of

79 3204 147 3259 (lod
166 3205 196 3257 in
214 3203 264 3259 tho
288 3204 359 3258 Now
380 3204 525 3259 Ocvenant
544 3205 695 3276 especially
713 3204 828 3275 regards
854 3203 972 3257 offences
996 3203 1107 3273 against
1129 3203 1179 3257 tho

79 3289 217 3362 primeval
229 3289 282 3343 law
294 3287 388 3360 [given
400 3296 430 3344 to
445 3288 557 3356 AdamJ,
570 3307 604 3345 or
615 3290 664 3345 the
675 3291 726 3344 law
742 3290 775 3344 οι
791 3290 893 3352 Moses,
905 3288 1067 3343 committed
1082 3289 1180 3343 bosora

79 3375 130 3430 the
141 3374 306 3445 knowledge
318 3375 352 3429 οι
364 3375 412 3429 the
425 3376 530 3447 Gospel
539 3393 593 3431 was
606 3375 742 3430 received.
769 3371 836 3444 [See
847 3373 897 3429 the
909 3390 1039 3444 passages
1051 3373 1179 3444 quoted]

79 3460 138 3515 For
149 3461 364 3531 transgressione
383 3461 547 3516 committed
560 3461 633 3515 after
647 3461 712 3524 thie,
726 3460 876 3532 especially
896 3459 922 3512 if
938 3459 1018 3513 there
1036 3458 1072 3514 be
1087 3460 1180 3514 added

79 3553 257 3616 contumacy‚
269 3544 341 3600 hate
355 3563 372 3599 a
384 3544 563 3616 threateuing
575 3546 608 3600 of
616 3563 635 3600 a
646 3546 730 3601 much
747 3562 826 3600 more
837 3561 933 3600 severe
947 3545 1097 3616 judgment
1109 3544 1180 3600 than

78 3631 143 3687 that
155 3630 246 3685 which
258 3648 313 3686 was
325 3631 473 3685 instituted
487 3632 637 3703 byMcses.
673 3630 740 3698 [See
754 3631 804 3684 the
815 3627 968 3702 passages]
1012 3630 1076 3684 And
1088 3633 1180 3686 notin

78 3716 201 3771 another
221 3717 270 3771 life
291 3717 366 3787 only,
394 3717 447 3771 but
464 3717 494 3770 in
515 3716 571 3771 this
595 3716 662 3780 also,
686 3716 749 3770 God
773 3715 933 3787 frequently
956 3715 1089 3787 punishes
1110 3716 1179 3771 such

78 3803 305 3872 transgressione.
336 3803 400 3855 And
414 3802 484 3856 such
498 3803 616 3856 offensas
628 3819 676 3855 are
691 3807 742 3855 not
754 3802 912 3872 commonly
925 3801 1069 3872 pardoned
1080 3808 1180 3873 except

77 3903 146 3941 man
163 3887 265 3958 punish
280 3887 402 3949 himself,
416 3887 456 3958 by
467 3888 573 3942 sericus
588 3888 749 3949 contritior,
762 3893 776 3940 1
791 3887 855 3942 Gor.
867 3887 904 3940 xi.
920 3892 963 3952 31,
976 3893 993 3940 2
1006 3887 1070 3942 Cor.
1083 3887 1113 3942 ii.
1129 3890 1153 3943 7.

132 3978 150 4026 2
177 3973 257 4044 They
277 3989 347 4043 urge
359 3972 422 4026 that
436 3980 466 4027 at
483 3974 556 4027 least
567 3972 635 4043 they
647 3973 709 4026 who
721 3989 769 4026 aro
783 3972 913 4043 penitent
925 3973 1014 4044 ought
1025 3979 1056 4027 to
1070 3973 1180 4029 receive

77 4057 228 4129 impunity.
274 4058 340 4123 But,
350 4066 401 4113 not
422 4064 452 4113 ιο
472 4076 520 4130 say
534 4058 597 4113 thot
611 4063 675 4112 true
689 4059 839 4129 penitenco
859 4059 883 4112 ie
894 4075 913 4112 a
924 4064 1028 4112 matter
1039 4058 1073 4112 οι
1089 4057 1178 4112 which

77 4160 145 4197 men
156 4160 211 4198 can
225 4142 326 4214 hardly
344 4143 381 4198 he
395 4144 518 4208 assured,
532 4144 588 4198 and
603 4142 666 4198 that
680 4161 736 4214 any
747 4160 802 4198 one
817 4160 881 4215 may
896 4143 993 4198 obtain
1005 4144 1145 4213 impunity
1157 4143 1183 4195 if

77 4228 102 4282 it
112 4227 150 4283 be
161 4230 300 4284 sufficient
312 4237 343 4284 to
360 4230 467 4300 profess
481 4231 630 4300 penitenco
641 4230 670 4282 in
683 4247 738 4299 any
753 4246 813 4301 way
825 4228 861 4284 he
873 4227 1005 4292 chooses;
1028 4227 1091 4281 God
1105 4227 1179 4279 him·

77 4314 135 4368 sels
149 4314 218 4370 does
229 4319 281 4369 not
293 4315 394 4386 always
408 4315 493 4369 remit
507 4314 557 4369 tho
572 4314 661 4371 whole
673 4315 707 4368 of
719 4314 768 4368 the
782 4312 964 4385 punishment
977 4318 1008 4367 to
1023 4312 1104 4366 those
1115 4311 1178 4365 who

77 4414 127 4455 are
151 4401 292 4472 pauitant,
315 4417 347 4456 aa
368 4416 487 4472 appears
507 4400 545 4475 by
567 4400 763 4472 the-example
777 4399 811 4454 of
828 4398 928 4453 David.
974 4397 1013 4453 Aa
1033 4395 1179 4452 ιιιοιοίοιο

180 4526 298 4616 [attor.
321 4528 375 4622 ιι]
1035 4479 1078 4544 18

1293 4536 1324 4642 Ι
