2834 4920
130 283 210 340 Gar.
227 278 328 348 xm}
512 281 566 336 DE
587 283 878 339 JUREJURANDO.
1204 273 1245 337 93

131 447 172 514 in
184 443 401 533 conjuratione
413 444 657 511 decemvirorum
671 446 711 511 de
724 445 883 532 republica
895 444 1080 530 occupanda.
1109 446 1244 512 Seneca:
1259 465 1322 551 iiic
1330 469 1372 508 ua

361 565 500 619 Praetare
516 564 610 619 fateor
625 581 708 636 posse
724 581 771 618 me
790 565 905 619 tacitam
922 562 1016 632 fidem,

363 651 394 704 Si
411 651 518 705 scelere
535 656 644 705 eareat:
669 651 783 704 interim
797 650 888 704 scelus
905 655 949 704 cst
966 649 1044 704 fides.

137 749 208 816 Ubi
233 749 368 815 interim
387 746 473 812 valet
496 749 669 812 intertium.
716 746 922 811 Ambrosius:
950 758 996 811 eat
1021 749 1105 811 enim
1131 762 1246 815 contra
1261 767 1408 817 οσειανι

135 852 281 935 officium
302 853 530 932 nonnunquam
549 848 669 912 solone
687 849 893 930 promittam,
914 860 1153 911 eenamcenam
1176 872 1246 915 οιιο-

138 950 257 1014 todire
309 944 543 1032 uAugustinus:
575 947 607 1010 ei
640 947 687 1008 ad
710 957 882 1029 peccatum
908 948 1143 1010 admittendum
1160 949 1246 1032 fides

138 1047 346 1122 cohibeatur,
371 1046 496 1108 mirum
515 1056 561 1109 cet
582 1046 613 1109 ei
626 1046 714 1128 fides
733 1045 929 1128 appellatur.
972 1041 1061 1108 Idem
1082 1045 1173 1110 docet
1195 1068 1246 1111 se.

138 1144 246 1211 cunda
261 1145 305 1209 ad
320 1141 570 1228 Amphilochium
587 1142 729 1207 Basilius.

219 1244 295 1308 VII.
336 1244 355 1306 1
390 1243 459 1305 Imo
478 1240 599 1306 etiamsi
615 1263 667 1307 res
688 1263 759 1326 quae
773 1243 965 1328 promittitur
986 1242 1105 1312 nonsit
1127 1243 1243 1321 illicita,

142 1344 201 1410 sed
216 1341 335 1428 ¹majus
354 1341 470 1407 honum
492 1341 609 1406 morale
632 1339 811 1427 impediens,
835 1342 878 1406 sic
900 1364 1023 1429 quoque
1044 1364 1106 1407 non
1128 1344 1245 1409 valebit

139 1441 380 1530 jusjurandum:
407 1439 481 1525 qnia
504 1438 619 1505 scilicet
642 1439 814 1525 proiectum
834 1440 867 1504 in
890 1441 970 1506 bono
995 1444 1064 1507 Deo
1085 1443 1243 1518 debemus,

144 1543 192 1608 ita
211 1549 249 1607 ut
265 1539 332 1626 ejus
347 1538 524 1604 libertatem
543 1538 666 1625 eripere
683 1538 772 1604 nobis
791 1538 865 1625 ipsis
885 1561 947 1604 non
968 1540 1133 1606 valeamus.
1170 1540 1244 1605 Huc

143 1639 284 1728 pertinet
298 1637 504 1726 insignieejus
514 1658 605 1723 quem
621 1637 687 1703 dixi
704 1637 843 1702 Philonis
854 1639 877 1702 J
880 1638 960 1703 udaei
972 1639 1065 1716 locus,
1081 1662 1172 1725 quem
1189 1639 1244 1704 ad·
1258 1650 1377 1700 vuum

144 1740 284 1806 seribere
295 1759 358 1802 non
370 1736 509 1826 pigebit:
526 1735 590 1804 eici
604 1728 629 1802 d
643 1737 673 1803 ci
685 1733 747 1817 τήν
757 1734 858 1832 φύσιν
868 1731 998 1818 ἄμικτοι
1013 1739 1064 1806 καὶ
1075 1735 1244 1818 ἀκοινώνη-

143 1867 200 1907 τοι
216 1830 254 1905 δι’
269 1832 464 1928 ὑπερβολὴν
483 1836 726 1927 μισανθρωπίας
743 1831 940 1924 γεγονότες,
959 1832 978 1917 ἢ
1002 1842 1053 1905 cai
1070 1833 1122 1905 ὑπ’
1139 1835 1244 1931 ὀργῆς

145 1943 201 2006 oia
220 1939 373 2030 χαλεπῆς
395 1927 566 2014 δεσποίνης
587 1929 837 2019 ἐκβιασθέντες,
857 1930 943 2027 ὅρκῳ
965 1934 1027 2016 miv
1047 1933 1244 2028 ἀγριότητα

145 2038 347 2105 πιστοῦνται
365 2036 432 2101 τῶν
451 2030 546 2114 ἡθῶν,
565 2031 680 2101 οἵτινες
699 2026 735 2100 οὔ
755 2039 860 2125 φασιν
880 2031 1113 2128 ὁμοτράπεζον
1132 2032 1150 2117 ἢ
1168 2033 1244 2111 dud·

144 2141 256 2230 ροφον
279 2130 363 2223 ἕξειν
379 2130 440 2201 τὸν
463 2124 561 2208 δεῖνα,
588 2125 727 2209 ἦπάλιν
744 2135 795 2220 τῷ
820 2125 895 2199 deici
911 2129 953 2213 uri
977 2133 1132 2226 παρέξειν
1157 2133 1247 2229 cidd-

145 2231 242 2303 λειοῖν
255 2262 329 2301 τινα
343 2228 362 2311 ἢ
376 2227 453 2323 παρ’
467 2227 588 2299 ἑκείνου
601 2227 676 2298 τινὰ
689 2227 876 2322 λήψεσθαι,
891 2230 943 2298 sai
957 2231 1059 2325 μέχρι
1073 2238 1246 2314 τελευτῆς·

144 2346 224 2401 sunt
244 2333 382 2419 qnidam
398 2333 479 2395 adeo
502 2333 585 2394 dura
604 2342 702 2415 atque
723 2330 911 2395 insociabili
927 2332 1064 2414 ingenio,
1087 2335 1154 2397 cive
1174 2337 1248 2400 odio

146 2434 286 2498 humani
310 2431 448 2515 queris,
475 2431 543 2495 sice
569 2431 656 2492 dura
683 2431 816 2493 domina
841 2429 1020 2494 iracundia
1045 2432 1183 2505 subacti,
1212 2445 1248 2498 nt

145 2553 278 2597 moram
283 2530 457 2614 feritatem
468 2528 686 2611 jurejurando
701 2529 876 2609 obfirment,
891 2539 929 2592 ot
944 2549 984 2592 ne
1005 2530 1090 2593 hunc
1108 2530 1250 2595 habeant

145 2652 265 2697 macca
279 2640 338 2694 ant
350 2629 425 2692 tecti
439 2629 573 2702 socium,
591 2626 698 2689 neilli
708 2627 782 2691 bene
796 2648 940 2710 unquam
948 2629 1096 2710 saciant,
1113 2650 1152 2693 ne
1168 2631 1250 2715 quid

147 2732 193 2795 ah
210 2752 245 2795 eo
261 2731 307 2793 ad
320 2738 453 2791 mortem
465 2748 565 2811 aequae
581 2727 758 2809 accipiant.
795 2724 887 2801 Quod
906 2725 950 2791 ait
960 2728 1083 2810 jurasse
1100 2728 1250 2813 quosdam

146 2831 210 2893 yue
231 2827 303 2892 hnic
319 2823 370 2891 vel
390 2823 435 2889 illi
456 2844 593 2910 unquam
618 2823 697 2888 bene
718 2823 867 2899 iacerent,
888 2822 920 2888 id
944 2825 1073 2890 Hebraei
1099 2827 1251 2893 vocabant

147 2938 342 3001 namn),
367 2922 480 2999 idest,
507 2917 607 3015 εὐχὴν
633 2917 806 3014 ὠφελείας,
833 2944 938 2986 nocem
959 2926 999 2988 de
1025 2925 1250 3006 beneficentia:

150 3009 258 3096 :emb
274 3035 352 3104 pam
370 3023 445 3086 Lev.
456 3046 485 3087 v.
499 3024 529 3088 6.
565 3019 667 3106 Hujus
683 3020 816 3084 formula
832 3019 1027 3085 tradentibus
1044 3021 1251 3087 Hebraeorum

149 3121 307 3211 magistris
323 3128 457 3191 eratne
470 3130 589 3191 ntum
602 3132 655 3189 na
669 3106 709 3188 5:
723 3131 814 3205 imp,
831 3126 886 3183 aut
897 3104 927 3189 b
941 3130 1024 3189 nnus
1040 3129 1148 3188 nnuc
1161 3133 1250 3205 hup,

148 3280 214 3340 apud
223 3280 325 3327 Paulum
335 3276 495 3334 Warneiredi
505 3277 558 3323 Lih.
569 3289 597 3322 ιι.
609 3277 675 3323 cti.
725 3274 832 3321 ciliorum
850 3274 935 3321 Gallim
952 3287 1043 3320 canone
1053 3276 1076 3322 7.
1094 3275 1251 3323 llincmurum

194 3361 207 3387 ¹
221 3354 305 3411 Maius
323 3346 406 3400 bonam
428 3352 517 3397 morale
538 3349 675 3410 impediens]
725 3363 821 3408 qnoque
832 3347 896 3394 dicto
910 3349 1026 3408 opusculo
1039 3349 1069 3395 ad
1081 3349 1251 3410 interrogatio·

150 3428 342 3485 Qualelionorii
359 3427 464 3474 dePace
479 3439 602 3485 nunquam
616 3426 675 3470 iaci·
725 3435 779 3469 nem
794 3423 1135 3471 xrv.1ibrodedivortioad
1151 3424 1253 3472 iuterro-

150 3504 213 3551 enda
226 3505 288 3549 'cum
309 3503 413 3558 Alarico,
440 3501 537 3546 zozimo
555 3504 675 3556 nar-rente,
724 3498 846 3559 gationem
858 3502 994 3544 vnetxrv.

149 3578 215 3636 (Lib.
223 3588 250 3624 v.
260 3590 314 3637 cap.
326 3577 364 3625 49.
388 3574 437 3622 Ed.
451 3574 551 3632 cellar.)
581 3574 674 3622 Videc.
769 3573 833 3618 tNe
847 3573 1251 3634 huieoelillianquambateface.

150 3650 214 3695 inter
223 3654 304 3695 cetera
313 3652 352 3695 22.
362 3649 427 3695 dicta
437 3648 489 3708 jam
500 3648 641 3708 quaetione,
651 3654 677 3695 et
725 3646 788 3707 rent]
804 3648 867 3694 Vide
882 3648 950 3693 Baba
965 3648 1050 3704 Kuma,
1064 3663 1117 3708 cap.
1129 3662 1166 3695 nx.
1185 3649 1199 3709 ξ
1214 3653 1252 3700 10.

149 3723 277 3771 eoneiHum
287 3723 429 3770 Hilerdense
442 3724 467 3768 in
483 3726 550 3769 tomo
561 3735 601 3768 111.
618 3737 676 3769 con·
725 3729 751 3770 et
760 3723 793 3769 ihi
803 3727 887 3769 nauta
896 3737 912 3768 a
922 3724 1058 3770 doctissimo
1071 3725 1239 3776 Constantino.

149 3926 276 3982 cemrirs.
322 3926 360 3983 So
374 3926 491 3992 Seneca,
507 3925 652 3992 Ambrose,
664 3924 829 3998 Augustino,
841 3926 926 3983 Basil.

204 4012 271 4068 VII.
303 4018 317 4068 1
332 4014 412 4068 Even
424 4012 504 4068 iithe
516 4013 597 4083 thing
609 4014 749 4085 promised
762 4014 797 4067 be
810 4021 861 4068 not
875 4013 1017 4079 unlawiul,
1026 4014 1079 4069 but
1093 4014 1254 4089 something

150 4097 295 4169 impeding
306 4115 324 4152 a
337 4102 450 4168 greater
461 4098 550 4153 moral
563 4098 646 4169 good,
656 4098 705 4154 the
717 4098 784 4153 oath
795 4099 850 4153 will
859 4105 910 4153 not
922 4100 957 4153 be
967 4100 1057 4154 ralid:
1077 4100 1197 4157 because
1212 4119 1254 4157 we

149 4198 200 4237 are
208 4182 304 4237 bound
313 4183 351 4254 hy
361 4183 425 4238 ch
435 4188 465 4237 to
476 4184 533 4237 aim
545 4190 575 4238 at
587 4201 604 4237 a
615 4185 704 4238 moral
713 4201 857 4254 progressu
877 4201 909 4238 eo
925 4184 986 4238 that
997 4202 1038 4239 we
1052 4203 1117 4259 may
1125 4194 1175 4241 not
1188 4187 1254 4241 take

149 4267 208 4322 this
219 4268 322 4339 liberty
333 4267 381 4322 for
392 4268 541 4323 ourselres.
581 4269 619 4323 So
638 4269 721 4324 Philo
732 4270 857 4333 iudaeus,
872 4269 905 4323 of
913 4286 1029 4340 persons
1042 4271 1103 4325 who
1115 4273 1145 4325 in
1158 4285 1253 4342 anger,

149 4353 201 4407 δια.
216 4369 304 4409 ewear
315 4353 378 4408 that
390 4352 459 4425 they
471 4354 525 4408 will
538 4359 588 4409 not
603 4354 711 4426 change
725 4354 800 4409 their
812 4354 912 4419 minda,
925 4369 958 4408 or
969 4353 1006 4409 do
1017 4356 1091 4426 good
1104 4361 1134 4410 to
1148 4356 1202 4411 this
1221 4369 1254 4410 or

148 4436 214 4492 that
225 4455 298 4506 man.
336 4437 399 4492 The
413 4437 853 4495 formeoteuchoathsoccurin
867 4439 997 4495 Hebreu.
1032 4435 1123 4509 [See]
