2834 4920
183 251 246 315 132
394 258 446 314 DE
467 257 685 314 renuamus
708 255 756 313 Ao
779 257 1069 315 SPONSIONIBUS.
1160 256 1233 326 [Lm
1242 259 1281 314 11.

204 432 207 436 ’
257 422 298 488 V.
343 423 360 485 1
397 420 441 486 At
468 419 557 486 nobis
585 420 759 486 accuratius
785 420 976 488 instituenda
1002 419 1130 507 partitio
1157 429 1215 496 est,
1247 430 1283 488 ut

181 521 316 608 primum
342 519 479 585 dicamus
495 520 605 585 federa
628 520 690 584 alia
706 521 788 586 idem
814 519 1011 596 constituere,
1029 519 1112 605 quod
1133 519 1215 605 juris
1235 528 1283 586 est

182 619 343 696 naturalis,
360 618 423 683 alia
438 618 555 705 aliquid
571 619 600 683 ei
616 618 761 704 adjicere.
800 618 938 684 ⁴Prioris
953 619 1078 707 generis
1092 618 1200 684 federa
1218 640 1282 684 nou

182 726 306 785 tantum
334 718 402 783 fieri
431 717 532 783 solent
555 717 638 783 inter
662 718 768 783 hostes
794 717 846 804 qui
874 740 894 783 a
924 718 1004 783 bello
1024 717 1196 794 discedunt,
1225 717 1282 782 sed

182 818 254 883 olim
279 825 313 882 et
337 817 453 882 fiebant
473 838 566 902 saepc,
592 825 625 881 et
646 815 750 902 aliquo
774 817 865 883 modo
890 825 981 882 erant
1003 815 1177 881 necessarie
1199 815 1283 882 iuter

183 916 305 1003 eosqui
327 924 402 981 ante
419 915 496 980 nihil
518 913 765 981 contraxissent:
787 915 820 980 id
839 916 913 981 inde
929 923 1042 992 ortum,
1068 915 1152 1000 quod
1172 915 1283 1004 regula

182 1015 236 1080 illa
254 1015 335 1100 juris
352 1013 512 1089 naturalis,
538 1013 753 1103 cognationem
774 1013 857 1079 inter
874 1013 1014 1079 homines
1034 1014 1191 1100 quandam
1215 1036 1283 1079 esse

181 1123 348 1189 enatura,
372 1134 409 1177 ae
434 1112 566 1198 proinde
591 1112 679 1178 nefas
704 1135 772 1178 csse
794 1113 928 1179 alterum
950 1113 991 1178 ab
1013 1113 1113 1178 altero
1139 1113 1221 1189 laedi,
1247 1122 1283 1178 ut

182 1212 255 1278 olim
280 1222 353 1278 ante
370 1210 528 1287 diluvium,
554 1211 600 1276 ita
618 1233 727 1277 rursus
750 1211 853 1298 aliquo
875 1220 946 1297 pest
967 1210 1117 1277 diluvium
1143 1219 1283 1298 tempore

182 1311 272 1377 malis
296 1309 434 1376 moribus
458 1318 540 1376 esset
560 1310 735 1388 obliterata,
762 1311 825 1376 eita
848 1319 884 1377 nt
906 1310 1084 1376 latrocinari
1106 1318 1138 1376 et
1158 1310 1283 1398 predas

182 1432 279 1500 agere
304 1410 336 1475 in
359 1418 514 1484 externos,
540 1409 625 1474 nullo
642 1409 723 1475 bello
747 1409 872 1487 indicte,
897 1431 956 1497 pro
981 1409 1066 1476 licito
1091 1410 1279 1485 haberetur;

17 1524 168 1612 mig,
184 1511 268 1596 quod
282 1504 469 1587 Σκυθισμδν
485 1517 577 1574 vocet
592 1507 794 1596 Epiphanius.

15 1619 150 1666 oseem«.
259 1612 280 1674 2
313 1609 398 1674 Hinc
419 1608 473 1673 illa
489 1600 586 1695 ‘apud
607 1608 792 1684 Homerum,
814 1630 855 1674 an
876 1609 1040 1695 praedones
1056 1609 1160 1675 estis?
1184 1608 1283 1674 amica

181 1708 396 1796 interrogatio,
423 1707 530 1792 gcujus
556 1713 589 1771 et
616 1707 816 1793 Thucydides
844 1709 993 1785 meminit,
1028 1716 1061 1773 et
1093 1707 1126 1772 in
1160 1705 1282 1771 Soloeis

17 1818 91 1915 gagfe
102 1820 163 1858 M·
182 1806 371 1895 lege·reteri
387 1806 518 1891 collegia
535 1801 592 1871 ἐπὶ
617 1805 708 1872 λείαν
725 1801 921 1898 ἐρχομένων·
947 1806 1071 1893 quippe,
1087 1814 1124 1870 ut
1139 1807 1162 1870 J
1164 1805 1283 1871 ustinus

17 1908 153 1951 ΜΝ
182 1906 236 1983 ait,
254 1904 295 1970 ad
313 1902 474 1989 Tarquinii
491 1912 632 1989 tempora
648 1903 842 1969 latrocinium
858 1905 953 1970 maris
969 1904 1070 1993 gloria
1085 1904 1281 1970 habebaturt

182 2013 216 2071 et
231 2003 307 2070 illud
324 2003 356 2068 in
372 2003 514 2068 Romano
528 2000 612 2087 jure,
635 2009 672 2067 ut
694 2001 720 2068 si
743 2024 812 2067 oum
832 2011 927 2091 geute
943 2003 1047 2090 aliqua
1063 2025 1165 2090 neque
1180 2001 1284 2068 amici·

227 2181 239 2210 ⁴
254 2180 344 2228 Confer
354 2179 578 2233 Pureseearruss,
595 2177 635 2225 De
647 2178 711 2225 Jsre
759 2179 822 2226 Suo
832 2179 894 2226 libre
904 2192 960 2225 xlv.
971 2183 997 2226 st
1006 2179 1071 2226 alibi.
1103 2179 1171 2226 Idem
1182 2179 1213 2226 ds
1222 2178 1284 2239 Tyr·

183 2255 243 2303 Nat.
255 2261 277 2302 et
289 2256 356 2303 Geni.
375 2255 429 2301 Lib.
440 2267 499 2300 vrrs.
516 2267 568 2314 cap.
581 2256 617 2299 10.
643 2253 671 2301 J.
678 2254 711 2301 B.
758 2254 840 2300 rbenis
848 2254 964 2314 scriptum
978 2259 1015 2300 est
1025 2254 1107 2301 Servio
1123 2255 1154 2301 ad
1165 2266 1222 2301 rur.
1232 2254 1285 2302 429.

228 2339 240 2365 ι
255 2331 297 2377 Ile
308 2335 333 2376 ut
343 2329 487 2377 latrocinari
496 2334 519 2375 ct
528 2328 629 2389 proedcs
640 2343 711 2390 uyere
760 2335 785 2376 et
794 2341 822 2375 x.
834 2327 960 2385 AEneidee,
975 2333 1001 2375 et
1016 2328 1046 2374 de
1061 2329 1114 2374 aliis
1128 2330 1241 2388 gentibus
1255 2329 1287 2374 sd

185 2407 211 2452 ia
220 2405 407 2461 estimatione
417 2404 477 2450 heile
487 2404 584 2461 indicte,
592 2418 637 2464 pre
645 2405 712 2451 licito
760 2404 863 2464 primum
871 2403 996 2450 AEaeidos.
1016 2404 1124 2450 Diodoro
1131 2404 1211 2450 Siculo
1218 2403 1285 2463 (Lib.

184 2480 319 2542 iuberetur]
344 2481 425 2528 Caesar
441 2481 471 2527 de
490 2481 624 2537 Germanis,
639 2479 712 2538 (Bell.
760 2491 784 2525 u.
798 2493 850 2539 esp.
861 2478 904 2538 34)
923 2479 952 2525 de
967 2479 1106 2526 Lusitanis:
1123 2479 1218 2538 quicum
1230 2479 1287 2524 Plu.

187 2558 254 2606 Geli.
265 2571 301 2604 rr.
311 2557 357 2614 23.)
377 2556 519 2602 Latrocinia
528 2555 617 2600 nuliam
628 2553 713 2599 babeat
760 2553 857 2598 erebus
871 2554 990 2599 consentit
1001 2553 1093 2600 biario:
1110 2553 1142 2600 τὸ
1153 2554 1286 2612 λῃστεύειν

184 2633 310 2692 infamiam
323 2645 376 2690 quoe
390 2636 460 2675 estre
467 2631 532 2688 fines
546 2629 640 2686 musve
653 2627 712 2674 riri-
760 2627 829 2672 οὗπον
839 2626 904 2672 τότε
910 2626 1075 2685 τῶνἼβνίρων
1083 2628 1138 2687 οὐχι
1146 2626 1287 2672 κάλλιστον

184 2706 242 2752 tutis
252 2706 326 2763 fiunt.
356 2703 459 2749 Accedit
473 2702 554 2748 Testis
570 2702 668 2748 Tacitus
684 2701 713 2747 ds
760 2700 909 2760 ἡγουμένων·
925 2700 959 2746 ed
972 2701 1000 2746 id
1014 2706 1102 2760 temper
1115 2700 1234 2759 Hiepaais
1249 2700 1286 2745 la·

184 2781 297 2828 Moribus
308 2779 451 2835 Gemoniis,
466 2777 532 2838 (cap.
543 2779 572 2823 14
587 2781 613 2823 et
628 2774 671 2835 26)
688 2779 713 2823 et
760 2775 877 2824 treciuari
892 2776 954 2823 inter
965 2775 1128 2835 pulcherrime
1147 2774 1285 2823 bebetetur.

184 3033 341 3105 friendshlp
357 3032 413 3087 snd
427 3032 565 3099 allianoe;
587 3029 699 3087 neither
719 3037 803 3104 party
822 3031 917 3103 giving
937 3031 994 3087 and
1014 3029 1125 3087 neither
1143 3031 1286 3102 receiving

186 3119 235 3174 the
249 3119 309 3173 law.

242 3205 278 3259 V.
318 3210 331 3258 l
358 3205 410 3259 We
431 3210 507 3259 must
527 3205 609 3259 melre
628 3220 646 3258 a
666 3220 745 3259 more
764 3211 895 3259 accurate
914 3203 1042 3259 division.
1085 3203 1139 3258 We
1153 3219 1203 3274 say
1216 3202 1286 3257 then

185 3286 249 3342 that
267 3305 344 3343 some
363 3290 478 3344 treatics
500 3289 633 3344 establieh
656 3289 718 3344 thet
735 3289 826 3343 which
844 3289 868 3343 is
892 3289 1084 3344 couformsble
1108 3295 1139 3342 te
1164 3289 1286 3343 Natural

185 3374 272 3437 Law;
299 3372 394 3427 others
417 3372 474 3426 odd
496 3373 656 3442 something
680 3380 710 3427 te
732 3375 762 3427 it
808 3374 935 3428 Treeties
958 3373 991 3427 ei
1014 3373 1063 3428 the
1084 3372 1192 3426 former
1216 3372 1285 3426 kind

185 3474 235 3512 are
257 3465 308 3512 not
330 3458 396 3529 only
411 3458 569 3528 commonly
592 3456 675 3511 made
693 3457 731 3528 by
745 3457 847 3511 hostile
867 3458 972 3528 parties
993 3456 1097 3526 ending
1115 3472 1211 3521 awsr,
1233 3456 1285 3510 but

185 3544 320 3614 formerly
332 3559 405 3597 were
418 3541 488 3597 both
502 3542 642 3612 frequent,
652 3542 709 3596 and
720 3543 750 3594 in
761 3558 780 3595 a
793 3543 900 3597 certain
914 3558 975 3613 wey
988 3557 1143 3611 necessary,
1156 3540 1284 3595 between

185 3629 267 3684 those
282 3628 344 3682 who
358 3627 416 3682 had
435 3627 534 3682 before
554 3626 612 3681 had
632 3627 751 3698 nothing
765 3633 796 3681 to
817 3627 854 3682 de
875 3626 943 3681 with
963 3626 1032 3681 each
1047 3625 1139 3681 other.
1183 3624 1284 3679 Which

185 3731 265 3769 arose
280 3714 355 3768 from
369 3713 434 3778 this,
450 3713 512 3768 thet
526 3712 576 3767 the
590 3712 652 3767 rule
667 3713 700 3767 ef
713 3713 834 3767 Natural
848 3712 923 3776 Low,
938 3712 1000 3767 that
1014 3711 1095 3767 there
1109 3711 1132 3765 is
1146 3728 1164 3765 a
1178 3712 1286 3766 certain

183 3799 296 3855 natural
318 3799 501 3870 relationship
523 3815 626 3869 among
647 3814 721 3862 men,
738 3797 795 3852 and
818 3797 881 3853 that
900 3797 1042 3853 therefore
1061 3798 1085 3851 it
1104 3796 1128 3852 is
1150 3796 1284 3851 uulawful

183 3885 229 3941 for
243 3901 298 3939 ene
312 3902 378 3939 mse
393 3890 423 3940 to
442 3884 524 3938 herm
538 3882 665 3949 another,
683 3900 713 3938 as
728 3885 751 3938 it
766 3901 821 3939 was
836 3882 1004 3938 obliterated
1017 3883 1056 3955 by
1070 3883 1175 3937 ricieus
1192 3881 1285 3937 habits

184 3971 283 4026 before
297 3970 346 4026 the
361 3971 471 4042 deiuge,
492 3986 523 4025 so
539 3986 593 4024 uras
608 3971 632 4024 it
645 3970 729 4040 again
743 3969 818 4024 after
832 3969 881 4023 the
896 3969 1013 4039 deiuge:
1037 3984 1068 4022 sc
1086 3967 1149 4022 that
1163 3967 1285 4040 robbary

183 4057 241 4112 and
255 4056 375 4128 plunder
390 4056 423 4111 oi
434 4062 575 4126 strangers
589 4055 708 4110 without
728 4053 872 4126 declaring
892 4071 956 4118 war,
974 4070 1030 4109 was
1049 4053 1116 4109 held
1134 4054 1243 4108 lawful:
1267 4071 1285 4109 a

184 4143 325 4215 Scythiem,
340 4159 370 4197 as
384 4141 560 4214 Epiphanius
574 4141 642 4195 calls
656 4141 688 4196 it.

239 4235 256 4283 2
279 4229 376 4283 Hence
390 4245 431 4282 wc
449 4226 520 4282 hare
534 4225 597 4282 that
614 4226 742 4297 question
757 4226 787 4279 in
802 4226 916 4291 Homer,
931 4225 988 4281 Arc
1002 4241 1038 4297 ye
1055 4226 1180 4281 Pirates?
1198 4225 1285 4280 selred

182 4331 214 4370 as
231 4331 268 4369 ae
282 4315 446 4369 inoffensire
460 4312 579 4385 inquiry,
601 4329 632 4366 aa
653 4311 831 4383 Thucydides
842 4312 964 4366 notices:
987 4311 1044 4367 and
1063 4311 1092 4365 in
1114 4328 1151 4365 an
1169 4311 1217 4366 old
1232 4311 1285 4366 law

183 4401 216 4455 oi
232 4400 319 4456 Solon
340 4399 420 4457 there
438 4416 487 4454 ere
509 4396 673 4454 mentioued
695 4398 856 4469 eompauics
875 4397 909 4452 of
926 4396 1128 4462 Freebooters3
1149 4398 1234 4460 since,
1254 4413 1284 4451 as
