2834 4920
215 226 278 288 106
579 236 631 291 DE
653 235 944 291 dUREJURANDO.
1188 234 1261 304 [Lm.
1275 235 1312 291 11.

213 397 258 463 ris
272 396 392 464 actibus
414 408 571 486 posuerat,
594 398 713 476 tollere,
737 397 763 465 si
778 397 989 486 juramentum
1011 406 1067 466 aut
1086 398 1309 487 qualecunque,

212 506 269 564 aut
293 506 379 564 certa
403 497 504 565 forma
527 499 711 565 accesserit:
735 500 818 585 quod
839 500 990 565 Romsnae
1011 498 1097 588 leges
1118 499 1260 567 iecerunt
1276 500 1309 565 in

213 596 251 661 iis
276 596 513 684 impedimentis,
540 621 611 685 quae
636 619 699 663 nou
725 598 844 663 directe
869 598 1033 684 publicam,
1063 598 1118 664 sed
1150 597 1306 685 privatam

208 695 345 782 jurantis
368 697 535 764 utilitatem
554 705 705 785 spectant.
758 697 894 775 Quodsi
917 698 983 774 fiat,
1011 696 1127 764 valebit
1148 708 1236 764 actus
1254 698 1306 785 ju-

211 804 301 861 ratus
323 818 361 861 eo
387 797 479 863 modo
501 818 562 883 quo
583 796 767 863 naturaliter
789 797 868 863 eitra
890 797 992 885 legem
1012 798 1179 863 humanam
1201 798 1306 863 iuerat

213 894 374 972 valiturus,
407 904 463 961 aut
494 896 588 962 fidem
619 904 743 962 tantum
776 895 1008 985 obstringendo,
1042 904 1097 963 aut
1125 896 1178 982 jus
1210 896 1304 963 etiam

212 993 315 1059 dando
339 993 441 1071 alteri,
466 1016 524 1082 pro
549 995 674 1061 diversa
697 1004 823 1061 actuum
846 1004 970 1075 natura,
996 1017 1067 1083 quse
1091 995 1166 1062 alibi
1181 1017 1202 1062 a
1217 995 1306 1062 nobis

209 1092 364 1180 explicata
379 1101 435 1159 est

285 1193 376 1258 XXI.
429 1196 448 1258 1
482 1193 663 1259 Notandum
679 1192 730 1259 hic
747 1200 795 1259 est
812 1191 921 1270 obiter,
939 1194 1022 1280 quod
1038 1194 1072 1259 in
1091 1193 1208 1261 Christi
1224 1217 1306 1282 prae-

210 1291 308 1379 ceptis
325 1300 359 1358 et
377 1292 462 1378 apud
487 1293 639 1359 Jacobum
662 1293 703 1358 de
723 1314 786 1357 non
800 1292 937 1379 jurando
957 1292 1079 1370 dicitur,
1097 1293 1224 1381 proprie
1242 1316 1305 1359 non

210 1391 253 1457 ad
272 1389 472 1457 assentorium
490 1390 712 1478 juramentum,
730 1387 832 1478 teujus
857 1393 941 1479 apud
965 1392 1097 1458 Paulum
1122 1392 1305 1480 Apostolum

211 1489 355 1577 exempla
380 1499 506 1556 emtam
526 1489 654 1576 aliquot,
677 1492 733 1557 sed
756 1491 799 1557 ad
822 1492 1053 1578 promissorium
1074 1493 1172 1559 futuri
1194 1492 1306 1558 incerti

211 1589 379 1676 pertinere.
431 1589 576 1656 Ostendit
604 1591 662 1655 hoc
688 1591 849 1656 evidenter
874 1591 1026 1678 oppositio
1052 1591 1105 1657 illa
1134 1591 1167 1657 in
1200 1592 1305 1657 verbis

212 1689 349 1755 Christi:
375 1691 519 1755 audatis
535 1691 660 1754 dictam
675 1693 831 1773 antiquis,
849 1713 913 1755 nen
930 1691 1103 1775 pejerabis,
1119 1693 1176 1757 aad
1191 1693 1305 1757 reddes

211 1791 353 1853 Domino
373 1789 606 1871 juramentum.
661 1791 736 1872 Epa
768 1810 842 1854 vcro
875 1791 949 1854 dieo
980 1791 1078 1865 vota,
1111 1791 1165 1854 Ne
1190 1790 1304 1872 jurate

210 1887 347 1952 omnino.
400 1887 444 1951 Et
468 1885 549 1952 ratio
576 1905 669 1971 quam
689 1886 827 1951 Jacobus
849 1885 977 1973 adjicit:
1002 1884 1047 1967 wi
1070 1888 1113 1958 eis
1138 1883 1304 1980 ὑπόκρισιν

210 1979 350 2065 πέσητε,
367 1983 400 2050 id
425 1993 482 2061 est,
508 2007 547 2051 ne
559 1985 707 2070 fallaces
725 1986 965 2051 inveniamini:
989 2007 1062 2051 nam
1084 2007 1155 2052 eum
1179 2008 1303 2053 sensum

209 2105 272 2148 vox
289 2081 484 2177 ὑποκρίσεως
498 2083 583 2172 apud
597 2082 788 2150 Hellenistm
800 2084 906 2161 habet,
919 2093 956 2151 ut
967 2093 1101 2173 apparet
1113 2086 1186 2153 Job.
1198 2086 1302 2151 xxxiv.

210 2183 272 2261 303
299 2183 414 2250 Matth.
432 2183 516 2249 xxiv.
534 2186 588 2263 51,
605 2191 639 2250 et
654 2182 738 2250 alibi.

285 2286 306 2347 2
341 2281 428 2349 Idem
454 2281 568 2349 evincit
589 2282 666 2348 illud
691 2282 724 2347 in
751 2282 868 2349 Christi
889 2281 1003 2362 verbis,
1021 2276 1113 2352 ἔστω
1136 2275 1171 2353 δὲ
1198 2279 1304 2374 λόγος

208 2378 304 2461 ὑμῶν,
338 2381 387 2452 val
423 2381 484 2466 nal,
514 2376 552 2450 od
575 2379 623 2458 οὔ,
648 2381 732 2469 quod
758 2382 802 2448 sio
830 2383 969 2449 Jacobus
995 2383 1138 2470 explicat,
1169 2377 1239 2465 ἤτω
1269 2375 1304 2451 δὲ

209 2478 292 2563 ὑμῶν
321 2480 364 2550 ‘rei
394 2482 444 2551 vai
475 2481 537 2559 vai,
565 2480 618 2550 nai
646 2478 689 2548 πό
721 2476 758 2549 ori
788 2474 843 2550 οὗ·
868 2482 1113 2549 ubi'manifeate
1134 2494 1183 2549 est
1202 2483 1305 2572 figura

43 2598 302 2692 ⁷spirassenvisquam
326 2576 455 2662 πλοκῆν
480 2580 623 2645 rhetores
649 2590 772 2658 vocant,
800 2586 836 2645 ut
859 2580 892 2645 in
912 2579 986 2646 illo:

395 2701 437 2753 Ex
452 2699 501 2753 illo
517 2699 648 2770 Corydon
663 2698 794 2771 Corydon
809 2706 852 2754 est
866 2705 995 2770 tempore
1009 2700 1098 2755 nobis.

43 2804 182 2900 {iiiia
206 2797 250 2863 Et
264 2796 297 2862 in
313 2797 412 2864 altero
429 2795 540 2863 simili:
567 2798 612 2861 ad
628 2797 723 2861 illam
740 2800 826 2863 diem
838 2799 1014 2863 Memmius
1031 2810 1103 2863 erat
1117 2798 1302 2866 Memmius.

41 2898 161 2992 imm
250 2963 259 2994 t
285 2959 359 3018 ctrina
376 2960 443 3020 πριιά
464 2958 569 3004 Paulam
592 2958 731 3017 Apostolum
780 2959 808 3016 83
824 2971 842 3005 1.
853 2957 938 3004 Thess.
949 2958 1014 3015 iim
1030 2971 1048 3004 ι.
1060 2958 1124 3006 lim.
1133 2953 1158 3004 ii.
1169 2959 1193 3007 7.

203 3036 310 3096 exempla
334 3041 427 3082 artant
445 3032 548 3094 aliquot]
575 3033 646 3079 Rom.
666 3034 684 3079 i.
700 3034 731 3090 a,
826 3032 915 3079 ’vide
925 3033 955 3079 L.
965 3032 1059 3092 3251.
1071 3034 1103 3079 D.
1114 3034 1154 3081 De
1162 3034 1247 3094 Legat
1263 3049 1304 3083 ιιι.

203 3107 561 3170 ix.l;11.Corinth.tid;xi.
574 3110 619 3168 313
636 3107 700 3156 Phil.
713 3109 729 3153 i.
781 3107 899 3168 L.1.§2.
925 3107 1163 3169 DeVert.0dliqat.
1193 3109 1220 3157 J.
1231 3111 1264 3160 B.

259 3326 276 3371 4
302 3321 417 3374 Ηιιιιιιιιι
437 3320 505 3374 Law
525 3339 590 3393 may
612 3321 678 3375 taho
704 3337 782 3393 away
802 3320 851 3376 tho
874 3320 1059 3391 impedimont
1082 3316 1173 3372 which
1198 3317 1222 3371 it
1246 3317 1304 3371 had

203 3403 313 3459 thrown
327 3407 355 3456 in
367 3404 416 3458 tho
430 3422 491 3476 way
500 3407 533 3459 of
544 3407 651 3461 certain
665 3411 733 3468 acts,
746 3406 771 3458 ii
783 3422 818 3459 an
829 3404 904 3469 oath,
916 3404 1007 3458 either
1020 3405 1049 3456 in
1063 3403 1186 3473 general,
1196 3417 1229 3455 or
1242 3403 1271 3454 in
1286 3420 1303 3455 a

204 3490 358 3561 particular
372 3490 499 3553 form,be
513 3490 694 3544 introduced:
712 3489 801 3544 which
816 3489 865 3544 the
874 3490 985 3542 Roman
998 3489 1064 3541 Luw
1076 3487 1125 3540 did
1136 3488 1166 3539 iu
1178 3486 1227 3540 the
1239 3503 1303 3540 case

204 3576 239 3628 oi
250 3575 330 3629 those
342 3575 537 3645 impediments
549 3574 638 3628 which
649 3574 759 3646 rogard,
774 3581 826 3629 not
837 3574 955 3646 directly
967 3572 1062 3644 public
1076 3572 1179 3643 utility,
1191 3571 1244 3625 but
1255 3571 1303 3626 the

204 3661 313 3731 private
328 3661 422 3730 utility
436 3660 469 3714 oi
483 3659 532 3715 tho
547 3677 673 3715 swearer.
709 3657 881 3715 suffr-auis
895 3660 931 3714 be
946 3659 1029 3722 done,
1043 3657 1092 3712 the
1106 3664 1152 3711 act
1167 3673 1198 3711 so
1212 3673 1303 3711 sworn

204 3746 261 3799 will
275 3747 311 3800 ho
325 3745 400 3798 valid
413 3747 441 3798 in
453 3746 502 3801 the
513 3763 589 3801 same
602 3762 719 3800 manner
733 3763 763 3800 aa
773 3746 796 3799 it
808 3745 909 3809 would,
921 3743 1038 3800 without
1045 3744 1094 3798 the
1105 3744 1219 3797 lluman
1228 3743 1303 3807 Law,

204 3832 277 3886 haro
291 3834 364 3886 boen
380 3831 453 3885 valid
469 3832 506 3903 by
526 3832 647 3886 Natural
662 3833 742 3896 Law3
765 3830 856 3886 either
870 3829 937 3902 only
951 3831 989 3901 by
1003 3829 1121 3899 binding
1134 3828 1207 3899 good
1222 3827 1302 3891 saith,

205 3934 238 3971 or
251 3917 290 3988 by
302 3918 397 3988 giving
410 3935 428 3971 a
443 3917 519 3988 right
537 3924 568 3973 ιο
587 3917 715 3982 another,
732 3916 882 3987 according
901 3923 932 3971 ιο
946 3916 995 3971 the
1011 3915 1141 3970 different
1155 3920 1256 3969 nature
1273 3915 1305 3968 of

205 4003 274 4059 such
288 4016 356 4066 ncta,
371 4020 401 4057 as
413 4003 527 4074 already
542 4003 697 4074 explained.

258 4089 339 4143 xxi
375 4095 389 4142 l
409 4089 437 4142 It
451 4089 473 4143 is
488 4088 556 4144 herc
568 4096 598 4144 ιο
610 4089 647 4143 bo
660 4088 746 4143 noted
759 4089 788 4141 in
800 4089 920 4159 passing,
932 4086 995 4142 that
1006 4085 1081 4140 what
1096 4086 1118 4140 is
1133 4084 1194 4139 said
1209 4085 1238 4139 in
1253 4084 1303 4140 the

205 4181 334 4246 precepta
350 4174 383 4228 of
390 4174 490 4236 Christ,
498 4175 555 4227 and
566 4175 597 4227 in
613 4175 645 4228 St
657 4174 762 4238 Jamos,
773 4173 806 4228 oi
813 4179 864 4229 not
875 4174 1020 4244 swcariug,
1030 4172 1099 4226 does
1110 4178 1161 4226 not
1170 4170 1303 4242 properly

204 4262 291 4332 apply
309 4268 391 4315 toan
409 4259 475 4314 oath
491 4259 524 4313 oi
534 4261 679 4323 assertion,
703 4259 736 4314 of
750 4259 840 4313 which
857 4259 938 4314 thero
956 4276 1005 4314 are
1022 4274 1100 4313 soma
1118 4257 1258 4329 exemplos
1273 4258 1303 4310 in

206 4347 240 4402 St
254 4347 326 4402 Paul
344 4346 463 4410 himself,
479 4345 530 4401 but
547 4352 578 4400 ιο
593 4363 629 4400 an
648 4345 717 4401 cath
733 4345 766 4401 of
780 4346 902 4418 promise
917 4344 983 4401 with
998 4344 1099 4416 regard
1111 4350 1141 4399 tc
1153 4360 1191 4399 aa
1202 4358 1302 4398 uncer-
