2834 4920
161 242 232 298 Car.
247 238 326 308 XV.]
371 240 423 295 DE
444 239 664 295 FEDERIBUS
686 236 735 293 hc
757 235 1051 294 SPONSIONIBUS.
1203 232 1263 295 135

160 410 255 476 rebus
279 406 387 494 captis,
414 414 447 472 et
470 407 512 472 ad
537 405 735 472 securitatem
762 402 918 470 conveniri
941 402 1050 480 solent,
1077 425 1139 491 qua
1162 402 1205 470 de
1228 426 1265 472 re

161 507 317 597 agendum
335 506 395 572 erit
411 505 493 572 infra
508 506 541 571 in
558 504 631 572 belli
648 503 807 571 effectibus
823 511 856 570 et
871 503 1088 569 consectaneis.
1115 503 1265 591 AEqualia

160 605 326 685 societatis,
344 613 400 671 aut
423 605 466 672 ad
486 603 670 670 commercia
690 603 858 691 pertinent,
875 601 986 668 autad
1007 602 1080 668 belli
1097 602 1264 669 communi·

160 715 268 783 tatem,
288 712 345 770 aut
369 704 412 770 ad
439 726 491 770 res
515 704 601 770 alias.
649 702 801 789 AEquales
825 702 866 768 de
890 701 1079 767 commerciis
1106 702 1264 789 pactiones

160 806 258 872 rariae
273 825 342 870 esse
362 810 499 890 possunt,
521 811 598 890 puta
618 801 763 888 utrinque
781 823 821 866 ne
845 800 978 889 vectigal
1003 801 1098 867 ullum
1115 801 1262 879 solvatur,

161 904 245 991 quod
266 903 301 968 iu
322 912 430 969 vetere
446 910 516 968 erat
532 902 640 968 ledere
662 903 873 966 Romanorum
895 908 928 966 et
949 900 1261 990 Carthaginiensium,

161 1011 292 1091 excepto
319 1023 357 1068 eo
380 1001 464 1089 quod
491 1000 601 1067 scribae
627 1008 660 1066 et
683 998 819 1087 praeconi
846 999 991 1078 dabatur,
1019 1008 1074 1065 aut
1097 1021 1137 1065 ne
1162 999 1263 1087 majus

161 1102 301 1169 solvatur
317 1123 411 1189 quam
427 1101 461 1167 in
477 1121 624 1187 praesens,
640 1106 697 1165 aut
713 1100 755 1165 ad
771 1106 888 1166 certem
906 1098 1120 1184 quantitatem.

231 1204 253 1267 3
289 1200 341 1267 Sic
366 1199 452 1266 etin
477 1199 586 1266 bellica
607 1198 755 1264 societate
777 1206 814 1264 ut
835 1198 952 1265 auxilia
969 1207 1157 1285 praestentur
1172 1199 1262 1287 paria

160 1299 308 1387 equitum,
326 1299 475 1386 peditum,
494 1297 629 1375 narium,
647 1296 713 1363 sire
736 1296 779 1362 ad
801 1319 891 1362 omne
915 1297 1039 1374 bellum,
1056 1298 1140 1383 quod
1158 1299 1262 1365 Graeci

161 1391 360 1493 1ξυμμαχίαν
382 1405 505 1474 vocmt,
529 1405 562 1463 et
582 1396 720 1483 explieat
745 1396 946 1484 Thucydides
963 1392 1040 1469 reis
1061 1394 1178 1469 αὑτοῠς
1204 1393 1260 1492 ἕχ-
1275 1425 1398 1473 mantra

161 1496 257 1590 Operis
276 1528 329 1567 και
322 1497 466 1592 φίλους
492 1492 641 1591 νομίζειν,
658 1498 780 1562 eosdem
801 1498 903 1562 hostes
925 1508 955 1561 et
978 1499 1100 1562 amicos
1120 1498 1261 1563 tabee:

159 1598 244 1683 quod
267 1606 300 1664 et
322 1597 406 1684 apud
430 1596 554 1663 Livium
582 1617 666 1682 saepe
691 1594 839 1680 reperias,
869 1595 934 1660 sive
960 1595 1002 1660 ad
1028 1594 1160 1661 tuendos
1184 1596 1261 1663 fines

159 1696 322 1774 duntaxat,
347 1697 433 1783 quod
458 1692 647 1790 ἐπιμαχίαν,
678 1692 744 1758 sive
770 1693 813 1759 ad
843 1701 962 1759 certum
990 1693 1114 1771 bellum,
1143 1702 1199 1760 aut
1228 1695 1261 1760 in

157 1796 462 1878 cartennensem
483 1794 517 1860 in
541 1816 648 1861 omncs
672 1792 806 1879 quidem,
828 1794 884 1861 sed
907 1792 1044 1880 exceptis
1060 1793 1158 1871 sociis,
1176 1801 1212 1859 ut
1228 1794 1261 1859 in

159 1893 267 1961 ledere
290 1895 374 1962 inter
389 1896 501 1960 Poenos
526 1902 560 1960 et
583 1892 781 1969 Maccdonas,
797 1892 881 1978 quod
906 1892 991 1980 apud
1007 1892 1174 1980 Polybium
1191 1901 1258 1972 est;
1273 1911 1389 1954 emma

158 1994 310 2080 quomodo
337 2003 370 2061 et
392 1994 508 2060 Rhodii
532 1993 690 2106 Antigono
714 1999 747 2057 et
767 1991 928 2058 Demetrio
951 2013 1008 2079 per
1032 1992 1122 2058 ledus
1144 1992 1313 2059 auxiliau
1273 2016 1379 2114 {3254

157 2093 391 2180 promiserunt
382 2117 415 2160 ιιι
431 2094 536 2160 hostes
557 2091 692 2180 quosvis,
709 2099 839 2178 excepto
860 2091 1040 2158 Ptolemaeo
1086 2093 1205 2171 Potest,
1223 2102 1259 2160 ut
1271 2110 1336 2150 wa

157 2192 299 2273 diximus,
324 2193 443 2281 aequale
469 2193 559 2259 sedus
583 2200 617 2258 et
639 2191 682 2257 ad
704 2212 756 2257 res
780 2190 858 2257 elias
882 2191 1049 2278 pertinere,
1075 2184 1134 2258 1(ιιι
1159 2214 1200 2257 ne
1226 2192 1258 2258 in

156 2366 221 2426 quod
231 2366 278 2414 hnc
287 2367 374 2424 tendit,
390 2380 534 2427 quamquam
545 2366 593 2412 alio
603 2366 684 2425 modo,
732 2365 827 2411 Auctor
836 2366 918 2409 noster
928 2363 1035 2423 exponit,
1043 2363 1109 2423 apud
1121 2363 1228 2424 Thucyd.
1241 2378 1259 2410 1.

155 2455 212 2502 pag.
228 2443 259 2492 79
279 2454 302 2489 ο.
340 2441 391 2488 Ed.
406 2442 486 2489 Busil.
507 2442 573 2490 1572.
610 2443 685 2487 llrror
733 2440 771 2484 44.
790 2437 862 2484 Adde
870 2436 944 2483 dehis
954 2437 1064 2482 omnibus
1072 2438 1149 2484 Andr.
1158 2438 1261 2484 Dounael

155 2520 236 2563 sutem
259 2517 306 2562 hnc
321 2517 452 2564 translatus
473 2531 486 2562 ο
502 2516 574 2563 Muri
587 2515 684 2572 Libero,
735 2510 887 2558 Proelectiou.
904 2510 929 2555 in
943 2510 1101 2558 Demosthen.
1118 2511 1187 2559 Orat
1202 2513 1260 2559 l’bi-

156 2603 208 2650 esp.
227 2593 264 2638 13.
280 2592 333 2637 init.
349 2591 390 2637 nbi
406 2590 496 2637 dudum
517 2590 585 2637 locus
602 2591 638 2638 ita
651 2590 683 2636 sb
732 2588 791 2648 ilpp.
802 2587 842 2633 De
853 2587 926 2644 Pace,
936 2589 1053 2647 pug.136‚
1063 2593 1159 2648 etseqq.
1180 2589 1260 2648 J.B.]

156 2667 265 2712 Auctore
273 2665 386 2711 laudatus
394 2665 481 2712 fuerat.
511 2663 539 2710 J.
548 2664 580 2712 B.
778 2661 1028 2722 ¹Utnea'nccafina'o
1038 2663 1210 2711 alterimclter
1219 2679 1261 2711 ur·

200 2739 207 2773 ¹
221 2737 475 2800 Ξνμμαχίανοοοοιιι]
483 2738 584 2786 Veteres
591 2737 683 2800 ὅμαιχ-
732 2751 769 2785 ces
785 2735 883 2797 habeut]
900 2738 1044 2797 Exemplum
1056 2739 1109 2784 ride
1125 2740 1190 2798 apud
1200 2740 1260 2787 Pro-

155 2813 224 2872 μιαν.
259 2813 376 2871 Zosimus,
393 2813 448 2860 Lib.
462 2827 487 2858 v.
503 2828 525 2860 c.
539 2815 579 2861 42.
617 2812 683 2874 [Vox
732 2812 828 2873 cupium
840 2811 991 2859 Persicorum
1000 2826 1020 2861 ι.
1049 2813 1124 2874 (Cap.
1135 2814 1171 2874 2.)

156 2892 236 2936 autem
247 2888 372 2950 ἑτιμαχία
382 2888 538 2949 reperitureo
548 2901 627 2947 sensu,
635 2902 684 2948 qno

155 3131 246 3188 which
255 3149 312 3188 was
322 3132 373 3189 the
384 3140 548 3205 agreement
561 3135 591 3190 in
602 3135 652 3192 the
664 3136 713 3192 old
727 3142 820 3209 treaty
832 3137 866 3192 of
877 3137 926 3194 the
937 3138 1062 3193 Romans
1074 3139 1130 3192 and
1143 3138 1259 3194 (tartha-

155 3219 274 3290 ginians,
292 3225 392 3292 except
413 3219 488 3275 what
504 3237 560 3276 was
574 3222 640 3294 paid
655 3229 686 3278 to
705 3222 755 3278 the
769 3222 1012 3279 harbour-master
1025 3224 1082 3279 and
1097 3225 1146 3280 the
1163 3224 1259 3297 public

156 3304 244 3369 erier3
265 3320 298 3361 or
313 3304 377 3360 that
391 3321 428 3360 uo
443 3306 536 3363 duties
552 3307 590 3363 be
608 3309 674 3380 paid
688 3314 801 3381 greater
820 3309 890 3365 than
905 3317 935 3366 at
954 3315 1077 3383 present,
1097 3328 1130 3365 or
1147 3316 1260 3382 greater

155 3389 225 3445 than
236 3406 255 3444 a
266 3392 373 3446 certain
386 3397 457 3446 rate.

209 3481 226 3532 3
248 3475 283 3530 In
302 3476 436 3532 alliances
449 3476 571 3542 forwar,
591 3477 640 3534 the
660 3484 748 3535 terma
766 3497 831 3552 may
842 3479 889 3547 be,
908 3480 971 3537 that
993 3481 1062 3537 eaeh
1080 3482 1140 3538 side
1158 3483 1260 3556 supply

154 3561 237 3633 equal
248 3561 341 3618 forces
353 3562 387 3617 of
400 3563 533 3636 infantry,
549 3565 670 3637 cavalry,
686 3567 743 3619 and
758 3566 851 3638 ships:
871 3566 963 3622 either
974 3568 1020 3622 for
1031 3567 1080 3623 the
1092 3568 1182 3623 whole
1194 3586 1259 3634 war,

155 3645 247 3701 which
265 3646 315 3703 the
336 3648 444 3704 Greeks
461 3649 551 3705 called
567 3649 749 3721 Symmachta,
768 3652 825 3706 and
840 3652 930 3707 which
943 3653 1122 3725 Thucydides
1134 3654 1259 3726 explains

155 3740 181 3787 to
199 3734 264 3788 loce
281 3734 323 3789 tle
335 3735 524 3805 ramesciensis
541 3738 599 3790 aad
612 3738 653 3791 tha
666 3755 739 3792 same
750 3739 874 3792 οιιοιιιὶοιι
896 3755 927 3793 aa
939 3739 999 3794 also
1013 3740 1042 3793 in
1053 3741 1144 3812 Liry;
1166 3756 1199 3794 or
1213 3740 1259 3795 for

154 3816 298 3875 defensive
309 3836 446 3892 purposes
465 3822 541 3893 only,
556 3821 646 3877 which
658 3839 713 3877 was
727 3824 893 3895 Epimoclia
900 3845 911 3885 ,·
935 3841 968 3879 or
982 3825 1028 3879 for
1041 3841 1059 3879 a
1073 3826 1182 3881 certain
1192 3843 1258 3891 war,

154 3919 188 3959 or
206 3905 317 3976 against
338 3907 445 3961 certain
456 3908 589 3973 enemies,
601 3925 634 3963 or
647 3909 757 3981 against
771 3910 818 3974 all,
837 3911 985 3982 excepting
1004 3911 1092 3976 allice,
1110 3927 1141 3966 aa
1160 3912 1190 3964 in
1209 3910 1259 3966 the

152 3988 254 4062 leugue
267 3991 395 4047 between
410 3990 460 4047 the
478 3993 692 4066 Carthaginians
707 3995 764 4050 and
782 3996 991 4061 Macedonicus,
1010 3998 1039 4050 in
1058 3996 1210 4069 Polybius;
1227 4013 1259 4052 so

153 4075 212 4131 also
222 4076 273 4132 the
284 4077 431 4133 Rhodiens
444 4078 483 4151 by
493 4085 587 4152 treaty
597 4080 738 4153 promised
752 4081 800 4135 aid
812 4086 842 4136 to
854 4081 1012 4154 Antigonus
1026 4082 1083 4137 and
1096 4082 1259 4138 Demetrius

152 4162 263 4234 against
276 4163 324 4228 all,
338 4168 439 4233 except
449 4165 588 4237 Ptolemy.

206 4248 251 4303 sn
263 4250 346 4321 equal
357 4254 452 4321 treaty
461 4266 526 4323 may
538 4251 605 4317 also,
617 4268 648 4306 as
656 4268 698 4307 we
709 4251 781 4306 have
792 4252 861 4318 said,
869 4253 980 4325 pertain
991 4258 1022 4308 to
1033 4252 1116 4308 other
1127 4258 1256 4319 matters3

153 4332 256 4389 asthat
265 4334 378 4391 neither
389 4334 461 4392 shall
470 4335 543 4394 hare
553 4336 699 4395 fortreseee
710 4337 808 4394 within
817 4339 866 4395 the
878 4338 1046 4395 boundarios
1059 4339 1092 4394 of
1100 4338 1149 4394 the
1161 4336 1259 4404 other,
