2834 4920
207 210 270 274 210
525 218 577 272 DE
600 217 858 274 LEGATIONUM
879 220 986 275 JURE.
1183 214 1255 290 [Lm.
1269 220 1307 273 II.

207 383 248 450 ad
274 404 344 448 enm
365 380 418 467 qui
443 379 534 455 misit,
561 402 630 445 oum
653 379 809 466 postulato
834 388 871 444 ut
894 402 965 446 eum
988 376 1097 466 puniat
1120 389 1177 446 ant
1202 381 1307 459 dedat,

208 482 361 570 quomodo
379 478 486 545 Gallos
502 479 672 567 postulasse
689 479 831 567 legimus,
848 487 884 545 ιιι
900 478 958 544 sibi
978 479 1167 546 dederentur
1184 480 1284 549 Fabii.

279 583 301 645 6
337 578 410 656 Sed,
428 579 512 665 quod
528 577 771 666 supradiximus
785 577 956 665 aliquoties,
970 578 1105 644 hnmana
1117 579 1191 665 jura
1206 579 1309 645 omnia

209 680 255 747 ita
270 701 338 746 esse
358 686 547 765 comparata,
571 686 608 744 ut
629 699 692 743 non
708 676 848 765 obligent
869 676 902 743 iu
918 698 1038 743 summa
1058 678 1249 755 necessitate,
1275 679 1308 743 id

209 780 249 846 de
265 780 324 844 hoc
342 799 464 866 quoque
478 785 635 865 praecepto
651 776 860 843 sanctimoniae
872 774 1048 865 legatorum
1060 777 1220 843 obtinebit.
1245 779 1308 844 Ve-

208 901 280 944 rum
301 878 328 943 is
344 899 425 965 apex
448 876 638 942 necessitatis
658 897 721 941 non
742 883 790 941 est
810 875 843 941 in
865 874 1018 941 sumtione
1037 897 1146 963 pmnae,
1164 897 1257 962 qnam
1277 886 1310 943 et

209 978 276 1044 aliis
299 976 332 1041 in
349 977 469 1042 casibus
490 975 556 1041 tossi
572 975 647 1062 jure
663 974 803 1064 gentium
823 973 905 1040 infra
922 975 1096 1062 apparebit,
1115 997 1184 1040 cum
1202 975 1242 1041 de
1262 998 1310 1040 so·

209 1075 308 1142 lennis
331 1075 402 1141 belli
420 1074 580 1141 effectibus
598 1096 745 1163 agemus:
767 1073 985 1140 multominus
1005 1074 1038 1139 in
1059 1073 1135 1153 loco,
1158 1083 1308 1162 tempore,

208 1197 248 1241 ac
263 1174 354 1240 modo
370 1175 529 1239 sumendae
544 1195 652 1261 poenae,
670 1174 726 1239 sed
740 1172 773 1238 in
788 1172 996 1260 praecautione
1008 1172 1116 1262 gravis
1131 1174 1214 1251 mali,
1230 1195 1310 1260 prae-

209 1274 318 1341 sertim
334 1273 457 1360 publici.
503 1275 609 1352 Quare
626 1281 662 1338 nt
679 1271 803 1338 obviam
824 1280 915 1338 eatur
931 1272 1102 1339 imminenti
1118 1272 1265 1360 periculo,
1283 1272 1310 1337 si

208 1373 270 1439 alia
294 1374 379 1438 nulla
406 1381 454 1439 est
477 1372 558 1439 ratio
585 1372 707 1451 idonea,
731 1379 764 1437 et
789 1370 917 1437 retineri
942 1379 975 1438 et
999 1372 1187 1460 interrogari
1212 1370 1310 1460 legati

209 1481 365 1560 poterunt
404 1473 456 1538 Ita
478 1471 616 1537 consules
640 1470 774 1536 Romani
789 1471 950 1558 Tarquinii
973 1470 1113 1559 1’legatos
1135 1471 1310 1558 deprehen-

131 1561 132 1565 *
210 1573 333 1649 derunt,
360 1571 540 1638 ‘lliterarum
562 1570 595 1636 in
616 1570 723 1660 primis
744 1569 852 1636 habita
872 1592 957 1649 cura,
980 1580 1017 1636 ιιι
1037 1568 1144 1637 Livius
1163 1570 1309 1658 loquitur,

209 1692 250 1737 ne
266 1671 498 1738 interciderent.

209 1847 605 1910 flarsclsrrir‘Pw'ysryvdlddvrce,
617 1847 734 1908 ὕβρισαν·
783 1846 1181 1895 sslmsdliberratamconcitaret.
1213 1847 1311 1894 Plutar-

209 1942 261 1984 τες,
268 1921 484 1982 ἑπέμφθησιινμὲν
491 1923 735 1983 οιιτιίνΚαρχηόόνα,
783 1922 849 1980 chus,
859 1921 989 1983 (ΝΜ)
998 1923 1131 1969 arnotinus
1141 1922 1245 1983 scriptor
1255 1924 1311 1970 vite

210 2000 252 2047 και
265 1996 414 2059 ἐξεδόθησαν
430 1998 530 2057 σφισιν,
545 2000 588 2045 οὐκ
602 1997 694 2045 ἔπαθον
710 1999 736 2044 dl
783 1996 913 2058 Pelopidae.
932 1997 1021 2058 (Corn.
1032 1998 1095 2057 Nep.
1106 2013 1127 2046 o.
1137 1998 1175 2057 ὂ.)

211 2074 254 2121 ὑπ’
271 2074 354 2119 αὐτῶν
369 2072 449 2119 δεινὸν
463 2073 541 2131 οὐδὲν,
555 2072 615 2119 ἀλλ’
631 2071 736 2132 ‹idelba-
828 2080 840 2114 ι
854 2073 992 2119 litterarum
1005 2073 1031 2118 a'n
1040 2073 1130 2133 primis
1143 2075 1227 2120 babitu
1239 2073 1310 2134 cara]

211 2161 266 2196 σαν·
285 2147 444 2204 Cumjuecrrcr
453 2147 550 2208 quidam
563 2147 635 2207 leqati
644 2160 661 2192 c
673 2145 736 2192 Cur·
784 2147 847 2194 Vide
863 2149 992 2195 Serranum
1008 2150 1033 2194 in
1050 2149 1156 2196 ilenrico
1173 2151 1218 2197 lv.
1247 2151 1312 2211 [Aut

209 2225 306 2286 tlscyiae
321 2224 421 2271 Rom
430 2224 550 2281 masma
567 2223 646 2283 itique
655 2227 736 2269 conu-
783 2223 864 2283 potius
872 2224 1005 2271 Auctorem
1016 2225 1183 2285 Supplementl
1194 2227 1312 2273 Mouliar-

209 2301 303 2347 radiosa
322 2298 431 2360 quasdam
448 2299 568 2357 fecissent,
594 2297 661 2343 mirsi
682 2302 737 2344 ruat
783 2299 849 2356 dum,
868 2302 987 2360 pugffl.
1019 2299 1087 2346 Edit.
1105 2299 1223 2360 hrcacff.
1245 2301 1311 2349 1627.

213 2375 391 2435 Carthapr'nem,
406 2373 536 2432 traditique
552 2372 737 2434 Carthaylna'ers·
784 2387 832 2434 qua
841 2375 1003 2421 nsusridetur
1012 2376 1115 2425 Auctor.
1147 2376 1233 2436 Neque
1249 2377 1312 2423 anim

209 2451 282 2508 sidua
297 2450 328 2496 ab
338 2450 377 2495 his
390 2462 445 2495 sero
455 2447 517 2494 nibil
526 2448 576 2495 uta
585 2449 686 2494 nocitum
696 2453 737 2506 eet,
784 2449 901 2496 Serranus
910 2450 976 2496 ultra
984 2461 1087 2511 ιοςοιιιιι
1096 2452 1177 2498 Caroli
1185 2452 1245 2498 vll.
1255 2465 1313 2511 pro-

205 2526 253 2573 ced
261 2523 555 2571 disseminatam.
586 2521 738 2582 [Echulv.
786 2525 865 2571 cessit.
898 2526 1011 2573 Ceterum
1021 2527 1233 2587 agitnribidaeo,
1247 2529 1314 2588 quia

204 2601 292 2649 brein.
314 2600 433 2646 num.18.
458 2597 500 2643 ubi
526 2611 555 2643 ax
579 2597 738 2657 incogitantia
787 2599 890 2647 secretis
904 2600 1058 2661 eratLeguto
1070 2603 1199 2662 Hispaniae,
1213 2610 1314 2664 propter

210 2677 306 2724 Auctor
316 2681 397 2721 noster
407 2677 528 2732 postrema
534 2673 606 2718 verbs
612 2673 674 2719 male
684 2687 738 2719 ver·
786 2673 954 2733 proditionem,
975 2676 1045 2721 simul
1061 2691 1115 2722 cnm
1132 2679 1268 2739 hlaerargo,
1288 2680 1313 2725 in

210 2752 249 2807 tit,
266 2764 324 2810 pro:
344 2749 484 2808 Traditique
499 2749 557 2804 illis,
572 2748 670 2805 scilicet,
685 2748 737 2794 Ro·
786 2749 918 2794 custodiam
929 2749 993 2796 dato.
1023 2750 1051 2797 J.
1062 2750 1107 2810 B.]

210 2828 294 2882 mauis,
311 2840 358 2871 non
371 2824 614 2884 cmaaytaimtbm,
627 2825 739 2884 aquibus
829 2817 840 2847 ⁵
856 2819 951 2866 Chorus
960 2825 1004 2878 est,
1019 2822 1061 2881 qui
1071 2822 1179 2882 loquitur
1189 2824 1249 2881 heic,
1264 2839 1313 2871 non

211 2907 296 2949 contra
306 2901 380 2959 legati
391 2900 465 2946 dediti
476 2905 539 2946 sunl.
570 2897 648 2959 J.B.]
786 2894 969 2951 salutavere.
986 2899 1039 2944 272.
1070 2898 1225 2959 Quamquam
1244 2906 1269 2947 et
1288 2902 1313 2946 in

254 2976 386 3036 nLeqctos
405 2971 614 3034 deprehenderunt]
641 2972 738 3034 Pelopi·
786 2973 914 3032 Excerptis
929 2987 959 3019 ex
975 2973 1048 3035 Trag.
1065 2980 1091 3021 et
1105 2975 1195 3022 Comic.
1214 2977 1313 3033 Graecis,

211 3052 255 3098 das
270 3051 294 3096 in
309 3050 403 3096 vincula
418 3048 540 3108 conjectus
554 3048 585 3093 ab
599 3047 737 3094 Alexandro
787 3048 888 3105 Auctor,
899 3047 978 3095 nescio
988 3062 1069 3109 quare,
1079 3050 1104 3096 id
1114 3051 1203 3098 Fecisli
1214 3037 1311 3100 tribuat·

211 3126 320 3184 Pheraeo,
331 3124 403 3185 quod,
415 3124 509 3185 legatus
519 3137 574 3170 cum
585 3128 654 3181 esset,
661 3123 739 3170 Thes·
787 3121 813 3169 J.
824 3121 858 3171 B.

209 3376 241 3426 ιο
254 3368 291 3423 be
310 3369 419 3439 subject
440 3375 470 3424 to
489 3370 538 3424 the
553 3370 688 3426 Romans.
727 3371 758 3425 1f
776 3370 825 3427 the
840 3373 927 3426 crime
941 3371 978 3427 be
994 3389 1074 3428 more
1091 3375 1239 3439 atrocious‚
1256 3379 1313 3432 and

209 3455 327 3526 tonding
338 3461 368 3510 to
383 3454 479 3525 pubbc
494 3454 631 3519 mischief,
645 3455 694 3510 the
712 3456 893 3511 ambassador
907 3463 982 3511 must
997 3458 1033 3512 bc
1047 3468 1111 3513 sent
1126 3458 1198 3512 buck
1210 3468 1240 3513 to
1252 3461 1313 3515 him

209 3540 272 3596 who
292 3547 355 3594 sent
375 3539 444 3604 him,
458 3540 525 3595 with
544 3557 562 3595 a
579 3540 702 3595 demand
719 3541 782 3595 that
796 3540 833 3596 ho
848 3541 884 3596 be
902 3542 1043 3612 punished
1057 3560 1091 3597 or
1108 3544 1312 3609 surrendered3

209 3643 240 3682 as
255 3626 304 3681 the
317 3625 404 3680 Gauls
419 3625 506 3680 selred
518 3625 580 3680 that
594 3626 643 3681 tho
657 3627 738 3681 Fabii
752 3626 854 3682 should
865 3627 902 3682 be
913 3628 996 3698 ςίιοιι
1011 3644 1049 3699 up
1064 3633 1094 3682 to
1109 3626 1195 3682 thom

264 3716 280 3765 6
302 3712 368 3776 Βοι,
382 3727 412 3766 ae
427 3728 468 3767 wo
480 3711 551 3766 hare
566 3712 627 3767 said
644 3713 741 3777 above,
758 3712 821 3768 that
835 3713 872 3768 ell
884 3712 990 3767 human
1004 3713 1094 3784 rights
1106 3730 1154 3769 are
1168 3730 1200 3769 so
1215 3714 1312 3769 condi-

208 3797 314 3862 tioncd,
329 3797 391 3852 that
406 3797 475 3870 they
486 3797 523 3853 do
538 3804 588 3852 not
600 3798 669 3853 bind
684 3800 714 3853 in
732 3815 808 3854 ceses
827 3799 860 3854 of
871 3805 997 3854 extreme
1011 3800 1157 3871 necessity,
1171 3818 1202 3855 so
1217 3801 1240 3854 is
1256 3801 1312 3855 this

209 3889 273 3939 truc
291 3885 321 3937 in
338 3882 394 3938 this
413 3884 541 3939 doctrino
558 3884 591 3939 of
610 3884 659 3939 the
677 3885 863 3957 inviolability
881 3885 914 3940 of
931 3885 1133 3941 ambassadors.
1172 3887 1230 3941 But
1248 3886 1313 3943 that

209 3978 334 4025 extreme
346 3969 379 4025 of
386 3971 524 4041 necessity
533 3970 600 4026 does
612 3977 663 4026 ιιοι
676 3988 760 4027 οοοιιι
771 3971 801 4026 in
813 3971 862 4028 the
871 3974 1062 4043 requirement
1074 3972 1107 4027 of
1115 3972 1313 4044 punishment3

208 4055 300 4110 which
315 4073 380 4128 may
393 4056 452 4111 also
467 4057 503 4111 be
519 4058 678 4129 suspended
692 4059 722 4112 in
740 4058 822 4113 other
836 4075 912 4113 cases
927 4058 1026 4129 hythe
1040 4058 1108 4112 nav
1123 4059 1156 4113 of
1174 4059 1312 4125 Nations;

207 4159 240 4198 as
253 4142 310 4196 will
325 4159 431 4214 appear
443 4142 541 4208 below,
553 4142 646 4198 where
661 4161 702 4198 we
717 4150 790 4198 treet
803 4145 836 4198 of
847 4145 896 4199 the
908 4143 1077 4199 established
1090 4145 1185 4199 effecte
1198 4145 1231 4199 of
1241 4163 1310 4200 war:

209 4228 266 4285 still
279 4229 334 4284 less
347 4228 415 4284 doce
430 4228 486 4284 this
502 4231 639 4301 necessity
655 4236 769 4300 operate
784 4231 814 4283 in
829 4230 877 4285 the
889 4230 978 4300 place,
992 4231 1070 4294 timo,
1083 4230 1140 4284 and
1152 4247 1270 4285 manner
1283 4233 1316 4286 of

208 4315 308 4388 taking
327 4314 508 4389 punishment
514 4335 523 4383 ς
551 4314 604 4371 hut
627 4316 650 4370 it
673 4316 740 4371 does
758 4315 825 4371 hold
844 4317 874 4371 in
890 4316 1069 4388 precautions
1086 4317 1196 4389 against
1213 4334 1313 4389 graver
