2834 4920
223 219 287 281 340
441 225 494 279 DE
516 223 721 279 POENARUM
743 223 1106 279 commmunione,
1194 221 1269 291 [nn.
1282 223 1323 278 11.

224 393 336 459 delicto
354 390 534 478 puniuntur.
586 386 630 453 Hi
654 387 708 474 qui
730 387 792 454 sint
816 410 855 454 ex
880 387 929 452 his
951 409 1020 474 quae
1040 409 1135 475 supra
1152 386 1192 454 de
1209 386 1324 454 damno

224 491 338 578 injuria
362 491 436 555 dato
460 489 544 554 diota
569 496 642 553 sunt
665 486 797 574 intelligi
819 494 932 573 potest.
984 488 1097 552 Ferme
1114 487 1196 552 enim
1213 487 1324 553 iisdem

224 590 323 655 modis
348 589 381 654 in
403 587 507 653 delicti
532 596 654 673 partem
680 585 749 671 quis
774 585 859 651 venit
884 607 946 671 quo
971 584 1003 649 in
1026 585 1130 650 damni
1152 586 1237 652 dati:
1262 607 1325 651 non

225 698 329 754 tamen
355 708 487 774 semper,
513 685 567 751 ubi
590 685 694 749 damni
718 683 866 772 obligatio
892 694 949 760 est,
973 683 1067 750 etiam
1092 683 1239 750 delictum
1265 693 1324 760 est,

224 787 363 853 sedtum
388 786 512 851 demum
535 783 561 849 si
586 806 648 870 qua
674 782 790 849 malitia
814 783 980 848 notabilior
1003 782 1176 859 accesserit,
1197 805 1267 849 cum
1283 783 1326 850 ad

224 886 329 951 damni
346 885 412 950 dati
429 883 647 972 obligationem
665 904 748 969 saepe
766 881 995 968 qualiscumque
1011 882 1102 968 culpe
1119 882 1258 949 sufficiat.

300 986 321 1048 2
357 986 443 1072 Ergo
468 976 541 1068 bqui
566 981 681 1046 factum
706 980 850 1046 vitiosum
867 979 990 1067 jubent,
1008 980 1060 1067 qui
1078 1002 1259 1047 consensum
1276 1004 1328 1049 re-

224 1082 371 1168 quisitum
400 1080 560 1157 adhibent,
590 1079 662 1166 cqui
690 1079 850 1165 adjurant,
878 1072 953 1165 iqui
978 1088 1137 1166 receptum
1164 1089 1326 1167 prestent,

224 1183 324 1246 aliove
342 1179 432 1245 modo
449 1179 564 1265 inipso
588 1177 715 1244 crimine
740 1179 949 1265 participante
975 1177 1046 1264 equi
1063 1177 1221 1244 consilium
1237 1179 1325 1258 dant,

226 1273 381 1355 ‘laudant
404 1286 620 1344 assentantur:
644 1277 699 1363 qui
719 1298 788 1342 cum
812 1299 852 1343 ex
867 1277 941 1364 jure
957 1275 1084 1364 proprie
1101 1277 1183 1343 dicto
1200 1285 1326 1344 tenean-

224 1387 278 1444 tur
310 1387 417 1442 vetare
444 1381 525 1441 inon
554 1384 670 1452 vetant,
699 1385 754 1442 aut
780 1398 848 1441 cum
875 1385 1042 1442 teneamur
1071 1396 1114 1441 ox
1141 1374 1231 1440 simili
1251 1375 1327 1463 jure

226 1498 315 1564 opem
340 1476 424 1542 ferre
448 1474 592 1561 injuriam
618 1473 748 1560 patienti
767 1496 829 1540 non
846 1475 970 1541 ierunt:
996 1472 1049 1561 qui
1067 1496 1131 1539 non
1146 1473 1328 1542 dissuadent

225 1634 314 1681 scilieet
329 1639 351 1680 et
369 1634 434 1693 ipsos
440 1649 452 1690 ,·
467 1632 562 1679 Idcirco
579 1645 630 1679 cum
646 1632 751 1679 αιιοὶοπῑ
804 1633 987 1694 chrysostomus
997 1633 1026 1680 de
1036 1632 1129 1680 Stantis
1138 1645 1193 1679 xnw.
1205 1635 1232 1680 οὐ
1243 1632 1292 1694 γάρ
1303 1633 1329 1680 ol

225 1709 268 1755 bus
278 1709 362 1754 merita
372 1708 550 1763 communicare,
559 1707 643 1766 quihus
656 1720 753 1766 operam
802 1705 978 1765 δπιορκοῦντος
987 1706 1070 1765 μόνον,
1079 1705 1150 1753 ἀλλά
1161 1706 1204 1754 ersi
1211 1706 1235 1752 ol
1250 1725 1329 1754 eures·

224 1788 305 1844 sponte
314 1782 496 1829 accommodant.
523 1781 598 1840 (Cup.
608 1780 660 1837 16.)
801 1779 874 1825 deiros
895 1781 950 1838 μὲν,
976 1779 1192 1839 ποριστέλλοντεο
1217 1781 1251 1839 dd,
1277 1798 1328 1828 cros·

271 1857 347 1917 '’Qus'
360 1857 456 1916 factura
475 1855 583 1906 vitiemur
595 1853 687 1911 jubent,
710 1853 754 1913 qui
801 1855 905 1901 νωνοῦσι
929 1857 981 1903 τῶν
1000 1856 1181 1915 systalticos·
1202 1871 1249 1903 nors
1268 1858 1329 1904 enirn

225 1947 360 1980 rcasmmm
374 1932 511 1991 requisitum
526 1930 647 1988 adhibent]
664 1928 753 1977 Saulus
796 1928 892 1988 μήκη·
901 1930 953 1986 soli,
968 1931 1010 1976 sed
1019 1936 1041 1977 et
1050 1930 1099 1990 qui,
1114 1931 1202 1978 conscii
1211 1946 1262 1979 curs
1274 1933 1331 1991 sint,

225 2009 333 2054 manibus
352 2007 453 2052 omnium
472 2005 604 2064 lapidabat.
633 2003 752 2064 Augusti·
801 2003 1231 2064 oelorrtperjurimrimiaisteueutur.
1247 2007 1329 2067 (Tem.

225 2095 272 2126 nus
286 2093 395 2126 sermone
412 2092 436 2124 v.
453 2079 482 2125 de
496 2078 599 2134 Samiis,
614 2092 667 2138 cap.
682 2080 704 2123 4.
720 2076 752 2122 sl·
803 2080 1026 2139 v1.psg.oeo,ooo.
1055 2081 1125 2128 Edit.
1136 2081 1223 2141 Sosii.)

226 2155 294 2200 milia
308 2167 417 2200 wrmone
433 2153 538 2212 eJnsdem
553 2152 689 2213 argumenti
704 2151 753 2212 pri·
846 2161 857 2188 ⁸
872 2153 921 2214 Qui
933 2154 1056 2202 masiliam
1068 2155 1137 2216 daal]
1155 2156 1218 2203 Vide
1229 2155 1330 2203 Institu-

225 2245 274 2288 mo,
294 2243 316 2277 c.
337 2233 360 2277 3.
375 2235 400 2276 et
410 2243 519 2276 sermone
533 2242 589 2276 xiv.
600 2229 661 2291 [Qui
671 2243 753 2275 omnes
802 2228 1025 2277 tionesetEdictass
1033 2229 1174 2277 studerici
1182 2231 1252 2278 dictis
1262 2231 1330 2277 locis.

227 2307 354 2353 Sermones
368 2306 430 2352 faho
448 2305 563 2365 adscripti
579 2309 636 2352 sunt
654 2306 754 2366 Augus·
802 2303 940 2351 Andocides
950 2319 980 2351 ex
990 2305 1045 2366 lege
1058 2306 1150 2364 Attice,
1165 2307 1212 2353 τὸν
1224 2306 1330 2366 pooiet·

226 2379 299 2441 tino]
803 2397 886 2426 σαντα
903 2381 929 2427 e'v
943 2383 981 2442 τῷ
998 2382 1067 2442 αὐτῷ
1080 2381 1210 2442 ὃνὸχοσθοι
1225 2384 1267 2429 eet
1282 2383 1330 2430 τὸν

271 2451 349 2513 ⁰Qns'
363 2451 489 2513 wuronc]
511 2453 573 2512 Ope.
595 2450 753 2498 Imitatione-
802 2455 838 2515 τῇ
856 2455 923 2516 χειρὶ
943 2455 1124 2516 ἑργασάμονον·
1146 2458 1188 2518 qui
1207 2457 1330 2504 comitium

227 2530 270 2575 bus
280 2528 308 2575 de
314 2528 398 2588 fisrtis,
409 2528 493 2589 [immo
504 2527 544 2574 De
555 2527 658 2587 obrepat.
669 2541 699 2572 ex
711 2526 753 2573 de·
803 2528 868 2574 dedit
877 2544 928 2575 eura
941 2543 987 2575 nou
999 2531 1075 2576 miuus
1086 2546 1158 2591 poersa
1170 2534 1243 2579 terreri
1257 2548 1331 2593 quum

227 2603 289 2661 lict.]
311 2602 325 2662 5
344 2603 472 2658 interdum,
491 2615 520 2647 11.
538 2601 627 2647 Edicto
648 2600 754 2647 Theade-
802 2604 845 2663 qai
859 2618 929 2649 meaa
944 2617 993 2649 rem
1006 2605 1120 2664 effecerit:
1152 2605 1235 2666 [Orat.
1250 2622 1268 2653 ι.
1289 2608 1332 2655 De

228 2678 283 2734 rici,
294 2692 315 2723 c.
326 2679 378 2724 120.
802 2677 935 2736 Myrteris's,
958 2689 1014 2735 pag.
1032 2678 1084 2725 219.
1113 2678 1163 2725 Ed.
1184 2680 1273 2740 Μ]
1300 2685 1330 2727 οὐ

272 2750 349 2810 dQui
364 2755 479 2809 receptum
490 2747 614 2808 merdant]
636 2747 754 2809 Hierony·
803 2750 854 2810 γιὶρ
869 2748 900 2805 ἦν
915 2749 1059 2809 πραχθῆναι
1072 2750 1107 2809 μή
1119 2751 1330 2810 βουλευσαμένου·

228 2839 282 2870 mus
303 2824 357 2883 [eut
376 2825 484 2883 quisquis
500 2824 561 2869 slim
578 2822 674 2883 scripsit
693 2836 754 2882 opus
803 2823 943 2884 nequeenim
950 2824 1106 2870 eiuscomilio
1113 2825 1331 2887 ressaetasaisser,

228 2900 297 2958 illud,
311 2915 336 2960 p.
351 2902 382 2946 53
398 2913 423 2947 n.
439 2901 507 2944 Tem.
523 2911 570 2945 ru.
587 2898 637 2944 Ed.
651 2897 711 2943 Rus.
728 2897 754 2943 in
803 2899 838 2945 alt
848 2898 991 2946 Aristoteles
1001 2897 1138 2948 dsPoeiiea
1147 2914 1199 2961 cap.
1207 2904 1244 2948 17.
1266 2902 1332 2964 [lm.

229 2973 331 3034 capae]
348 2987 420 3033 super
435 2973 573 3033 parabolas:
597 2985 643 3018 aon
651 2971 701 3031 fior
715 2985 754 3016 so·
804 2988 845 3020 mo
854 2974 884 3020 de
893 2973 962 3020 Rea.
976 2987 994 3022 1.
1006 2973 1040 3034 7.]

229 3050 285 3104 lum,
295 3050 337 3095 sed
346 3049 386 3095 ille
396 3063 449 3094 reus
465 3053 554 3094 tenetur
568 3046 610 3107 qui
617 3046 686 3105 firrti
701 3061 755 3092 con·
851 3047 995 3105 ‘suadem
1009 3049 1168 3110 ωοοιίαοιὲκο]
1187 3049 1331 3113 chrysosto-

229 3125 293 3171 seius
312 3128 427 3184 quarente
442 3135 579 3182 possessore
596 3135 642 3166 aon
657 3120 756 3168 iudicat.
805 3135 859 3169 mus
867 3135 885 3170 1.
895 3122 1056 3169 edliomsnos
1063 3125 1125 3171 circs
1132 3124 1214 3172 finem:
1229 3127 1269 3173 sal
1280 3127 1331 3187 γάρ

231 3334 324 3397 delict,
344 3351 377 3388 or
391 3335 424 3388 of
435 3334 540 3390 others.
577 3337 670 3391 'l’hose
685 3338 747 3391 who
766 3354 815 3393 are
834 3337 981 3408 partakcrs
999 3337 1030 3391 in
1044 3335 1094 3392 the
1114 3336 1200 3390 delict
1217 3351 1265 3390 are
1280 3343 1332 3392 not

230 3418 368 3490 punished
389 3436 420 3473 so
436 3421 521 3474 much
535 3421 582 3474 ior
596 3421 736 3476 another's
751 3422 837 3477 delict
852 3439 883 3476 as
897 3423 943 3476 ior
959 3422 1034 3478 their
1051 3438 1122 3477 own.
1159 3420 1233 3475 Who
1251 3420 1332 3476 these

230 3519 287 3565 are,
304 3520 369 3574 may
387 3504 423 3558 be
438 3505 610 3560 understood
630 3506 705 3560 irem
719 3506 794 3561 what
814 3507 864 3560 baa
884 3506 958 3562 been
976 3508 1035 3562 said
1056 3507 1146 3561 abore
1162 3507 1333 3578 concerning

231 3587 349 3657 damage
363 3590 530 3660 wrongiully
544 3591 677 3646 inflicted.
714 3593 770 3646 For
784 3592 937 3663 generally,
956 3610 974 3647 a
988 3609 1090 3664 person
1109 3608 1202 3646 comes
1217 3599 1247 3645 to
1262 3591 1298 3647 he
1313 3609 1332 3647 s

230 3672 328 3726 sharer
342 3674 371 3726 in
385 3673 433 3728 the
445 3674 539 3738 delict,
551 3676 581 3728 in
593 3675 642 3730 the
657 3693 734 3730 same
745 3693 806 3748 way
817 3677 847 3730 in
860 3676 949 3731 which
961 3678 999 3731 he
1011 3694 1104 3732 comes
1115 3685 1146 3733 to
1157 3677 1193 3732 be
1205 3693 1223 3730 a
1234 3676 1334 3732 sherer

231 3758 262 3810 in
277 3756 326 3810 the
345 3758 463 3829 damage
477 3760 566 3824 donc;
586 3767 634 3831 yet
648 3762 671 3815 it
686 3761 710 3816 is
723 3768 775 3816 not
788 3762 890 3833 always
904 3769 968 3817 truc
983 3762 1046 3817 that
1062 3763 1142 3818 when
1156 3779 1174 3817 a
1188 3777 1291 3834 person
1308 3763 1333 3818 is

232 3842 328 3896 bound
350 3843 396 3896 ior
417 3844 467 3898 the
489 3845 616 3916 damage,
634 3846 670 3902 he
687 3847 720 3902 ie‘
733 3848 791 3902 also
814 3847 898 3902 liable
920 3853 951 3902 to
974 3847 1173 3918 punishment;
1194 3848 1247 3902 but
1264 3848 1333 3920 only

233 3927 314 3981 when
328 3928 409 3983 there
424 3928 474 3983 hes
489 3931 570 3995 been,
582 3932 700 3997 besides,
715 3949 792 3988 some
807 3933 921 3987 notable
936 3933 1052 3998 malice;
1067 3932 1190 3987 whereas
1204 3938 1234 3987 to
1249 3933 1333 3989 make

234 4030 252 4067 a
266 4030 368 4085 person
382 4013 478 4068 bound
492 4016 537 4070 ior
551 4017 600 4071 the
613 4018 739 4089 damage,
753 4035 808 4089 any
822 4017 895 4072 fault
907 4018 1047 4072 whatever
1062 4017 1142 4072 often
1155 4018 1272 4072 suffices.

289 4107 305 4153 2
329 4100 481 4153 Therofore
496 4101 563 4172 they
578 4102 640 4157 who
657 4104 834 4158 commenda
848 4104 953 4157 wicious
971 4109 1026 4167 act,
1046 4104 1113 4174 they
1128 4103 1190 4157 who
1204 4104 1267 4174 giro
1282 4102 1333 4158 the

234 4193 351 4239 consent
361 4185 450 4239 which
461 4184 486 4239 is
497 4187 629 4256 requslte,
639 4187 707 4260 they
718 4187 780 4242 who
792 4189 880 4252 aasist,
891 4189 953 4243 who
965 4190 1073 4243 receive
1084 4188 1133 4243 tho
1145 4188 1248 4259 things,
1259 4205 1293 4242 or
1302 4189 1334 4242 in

233 4285 289 4341 any
300 4271 382 4325 other
395 4288 453 4341 way
464 4272 631 4342 participate
643 4274 672 4326 in
684 4273 732 4327 the
743 4274 829 4328 crime
840 4274 932 4338 itself3
942 4273 1010 4345 they
1019 4273 1081 4327 who
1089 4274 1152 4344 gire
1160 4272 1236 4327 their
1246 4289 1335 4327 coun-

233 4355 274 4408 sel
287 4356 406 4409 towards
421 4358 452 4421 it,
467 4355 529 4409 who
541 4358 632 4428 praise
647 4359 678 4422 it,
693 4359 754 4414 who
766 4365 860 4413 assent
871 4365 901 4414 to
916 4359 939 4413 it
947 4377 956 4424 ς
970 4358 1051 4414 those
1065 4358 1127 4412 who
1141 4357 1226 4429 being
1236 4358 1334 4413 bound
