2834 4920
83 260 151 314 car.
165 253 263 322 XXI.]
301 255 353 309 Du
375 253 581 311 POENARUM
603 255 966 316 COMMUNIOATIONE.
1120 250 1184 314 363

86 419 165 485 dum
182 416 327 504 querelas
342 417 382 483 de
396 417 518 482 damnis
532 416 625 482 illatis
641 420 810 505 respondit,
826 421 896 507 plus
914 423 988 488 mali
1006 421 1125 489 Siculos
1142 423 1184 491 ab

84 519 192 606 Ulyxe
217 518 290 583 olim
313 516 486 603 pertulisse.
538 517 582 582 Et
604 517 791 585 Plutarchus
812 521 892 587 libro
916 530 1024 587 contra
1039 523 1183 589 Herodo-

84 626 160 698 tum,
179 616 305 682 minime
330 614 375 680 ait
394 637 469 680 vero
495 636 562 680 esse
584 614 692 695 simile,
718 618 896 685 Corinthios
920 620 1025 685 ulcisci
1048 621 1297 690 voluissemus

83 724 242 803 acceptam
267 737 288 780 a
315 714 428 779 Samiis
451 713 595 800 injuriam
621 713 710 794 μετὰ
737 720 830 811 τρεῖς
857 716 985 808 perede,
1011 732 1088 807 post
1118 733 1183 787 tres

84 818 250 881 hominum
271 826 392 881 oetotes.
438 814 507 879 Nec
528 814 669 901 procedit
690 816 783 903 hujus
805 827 839 885 et
860 818 1004 884 similium
1020 819 1182 885 tactorum

84 913 232 990 defensio,
250 934 343 999 quam
364 913 448 1000 apud
465 912 666 980 Plutarchum
687 915 794 1005 legere
816 926 863 984 est
878 921 932 985 De
947 942 1023 986 sera
1038 922 1184 987 aomina

83 1015 243 1079 uindicta.
287 1011 381 1077 Aliud
404 1011 486 1077 enim
511 1020 559 1078 est
578 1012 632 1100 jus
652 1013 724 1093 Dei,
744 1016 829 1083 aliud
854 1018 1021 1096 hominum,
1050 1027 1086 1085 ut
1109 1041 1182 1085 mox

84 1111 223 1198 apertius
255 1109 317 1177 fiet
364 1112 477 1196 Neque
509 1110 536 1176 si
570 1133 693 1198 aequum
731 1124 780 1181 est
812 1125 952 1203 posteros
985 1119 1120 1185 honoros
1149 1127 1183 1185 et

83 1210 214 1297 praemia
238 1210 378 1298 accipere
400 1210 441 1276 ob
466 1209 578 1275 merita
599 1212 760 1298 majorum,
785 1213 856 1281 ideo
878 1225 912 1283 et
935 1218 1038 1304 puniri
1063 1240 1117 1283 eos
1140 1219 1180 1285 ob

84 1331 192 1377 eorum
215 1319 342 1397 peccata
362 1331 486 1395 aequum
511 1319 567 1376 est
619 1311 766 1378 Beneficii
787 1314 868 1381 enim
885 1316 957 1382 talis
973 1326 1022 1383 est
1037 1316 1180 1398 materia,

83 1418 120 1474 ut
136 1409 168 1473 in
186 1406 325 1494 quemvis
341 1408 476 1473 conferri
494 1408 560 1474 sine
576 1408 690 1496 injuria
706 1411 821 1498 possit;
846 1437 946 1501 poenae
962 1438 1025 1481 non
1040 1416 1125 1483 item.

160 1509 219 1573 IX.
268 1508 412 1573 Diximus
429 1507 468 1574 de
486 1507 586 1575 modis
601 1532 660 1597 per
676 1532 755 1597 quos
771 1514 974 1581 communitas
990 1537 1089 1602 pennas
1102 1515 1182 1581 acci·

84 1605 132 1672 dit
155 1628 195 1672 ex
221 1606 320 1694 culpae
347 1606 575 1673 communitate.
626 1611 740 1678 Restat
760 1621 934 1699 spectemus
958 1635 999 1680 sn
1024 1623 1066 1692 et,
1090 1616 1182 1702 culpa

82 1728 145 1771 non
163 1706 396 1786 communicata,
414 1706 658 1788 communicetur
675 1732 784 1797 poena:
809 1733 880 1798 quse
897 1735 949 1779 res
970 1723 1007 1780 ut
1028 1722 1114 1780 recte
1133 1713 1181 1781 in·

83 1805 254 1893 telligatur,
272 1814 305 1871 et
321 1827 370 1882 no,
389 1827 461 1892 quae
477 1827 513 1870 re
529 1806 597 1893 ipsa
613 1808 737 1875 diversa
753 1820 834 1890 sunt,
852 1814 892 1880 cb
910 1835 1019 1881 recum
1041 1813 1182 1880 similitu·

86 1902 190 1971 dinem
208 1905 447 1986 confundantur,
465 1907 619 1973 monenda
636 1919 708 1974 sunt
729 1911 882 1996 quaedam.

160 2005 201 2069 X.
251 2008 269 2070 1
304 2004 455 2081 Primum,
472 2005 640 2074 aliudesse
657 2007 802 2075 damnum
820 2011 938 2079 directe
958 2011 1075 2090 datum,
1096 2010 1183 2079 aliud
1216 2106 1221 2114 .

80 2184 178 2237 sertem,
200 2179 247 2226 tali
265 2194 294 2226 er
313 2194 387 2228 cossa
405 2185 502 2242 patara,
524 2195 570 2228 aon
592 2196 609 2228 a
658 2187 770 2247 stantius)
785 2188 863 2235 οιείια
877 2192 988 2237 υοιιαιαισ
1002 2190 1104 2238 erasse
1122 2189 1184 2238 seris

84 2253 177 2300 (ἕνωσιν
186 2255 211 2300 ta
224 2254 348 2311 r'rojme,
357 2269 403 2300 noa
413 2270 430 2302 α
438 2255 609 2325 Macedonibus
653 2262 739 2319 pernis,
751 2264 822 2308 ιιίαιιι
831 2264 929 2322 infitior
939 2270 981 2310 urst
992 2270 1091 2324 nepotes,
1099 2278 1182 2325 perse·

81 2327 107 2373 irs
118 2328 215 2386 Persas,
228 2329 266 2375 oet
276 2342 352 2388 puero
367 2329 472 2388 liquet:
488 2343 534 2375 ιιοιι
548 2331 610 2381 erius
658 2338 789 2397 quotam&
808 2352 889 2384 oerum
905 2353 957 2385 susa
971 2340 1094 2399 impetebat
1114 2339 1142 2400 (t.
1160 2354 1182 2388 e.

81 2402 121 2448 t'lls'
130 2403 207 2449 ocare
219 2407 331 2449 vetum
340 2404 441 2450 emmim
453 2405 514 2450 mie
524 2405 608 2463 pais,
657 2413 835 2472 Magnentium)
849 2415 892 2474 qui
901 2414 1005 2473 postem
1015 2415 1119 2459 virorum
1129 2415 1184 2460 dem

80 2492 109 2524 ns
125 2478 150 2523 s‘a
160 2484 252 2538 nepotes
261 2479 354 2538 quidem
368 2483 412 2525 aut
425 2479 518 2537 liberes,
528 2494 610 2539 pem·
656 2489 790 2533 meritorum
797 2488 924 2548 Imperium
931 2489 956 2533 ιιι
964 2489 1091 2548 ιήριωναι.
1113 2490 1183 2536 Unde

81 2553 219 2612 predantur,
233 2553 276 2600 sed
287 2553 343 2599 illst
353 2553 499 2613 impetebant,
515 2554 558 2614 φῖ
571 2556 608 2601 vt'·
657 2568 733 2624 pstet,
741 2563 757 2609 J
759 2564 864 2609 adanam
873 2563 939 2609 laudi
949 2564 1054 2610 hibuere
1063 2564 1184 2619 Constan-

80 2642 162 2673 rorum
176 2628 231 2674 benc
243 2628 379 2675 matrerm
388 2629 494 2688 postem
507 2630 555 2674 vim
569 2628 608 2675 ifl-
656 2638 699 2694 tio,
715 2638 779 2698 quod
790 2650 837 2684 nou
849 2637 958 2684 imitatus
970 2638 1002 2684 sit
1011 2643 1103 2685 veteres
1116 2639 1184 2686 Gra·

73 2703 194 2764 suebant,
210 2719 285 2765 repas
301 2706 477 2766 atorputoat.
515 2705 608 2767 [Locus
657 2726 706 2770 eos,
729 2716 772 2758 sut
796 2711 976 2759 Alexandrum:
1001 2713 1109 2773 adeoque
1133 2727 1183 2759 non

81 2785 125 2836 est,
149 2793 206 2839 pag.
225 2780 256 2828 95
271 2780 382 2828 ³01⁴}le
403 2780 508 2827 Illmffi!
528 2779 608 2839 Sim·
655 2789 1183 2838 sliambellohleraudrlinl’srssscsusssm

80 2853 165 2899 hemii:
177 2854 219 2900 sed
229 2854 370 2900 vertendum
380 2858 432 2900 erat
441 2855 466 2898 in
476 2853 608 2913 posterior·
655 2864 801 2921 adtribuere,
815 2865 858 2911 ssd
869 2865 951 2925 potius
961 2865 1034 2914 ultam
1049 2880 1098 2914 non
1108 2866 1183 2915 tutae

79 2927 134 2973 ibus
143 2927 233 2975 serbis:
246 2926 303 2973 Noa
312 2926 373 2973 satra
382 2926 424 2973 stre
434 2927 535 2985 (scilicet
542 2927 608 2973 Con·
656 2938 764 2986 innam,
793 2939 821 2986 J,
830 2938 876 2999 3,]

80 3154 182 3210 should
200 3154 273 3211 hsre
292 3153 397 3211 wished
416 3162 447 3211 to
467 3172 574 3228 arengo
588 3173 626 3210 an
640 3155 733 3227 injury
749 3154 878 3210 recalved
899 3153 973 3210 from
987 3153 1037 3211 the
1052 3155 1180 3212 Samiaus

80 3241 155 3295 atter
166 3240 247 3297 three
260 3243 448 3313 generations.
486 3243 549 3297 Nor
560 3243 584 3296 is
598 3241 647 3297 the
658 3240 775 3297 defense
785 3240 819 3295 ot
826 3240 895 3294 such
906 3257 983 3296 cases
994 3241 1181 3314 satisfactory,

79 3326 170 3381 which
185 3343 227 3382 we
239 3327 298 3381 find
310 3328 340 3380 in
352 3327 488 3385 Plutarch
504 3328 549 3383 Oa
563 3329 604 3383 tlte
614 3327 914 3398 dcluyedpum‘stmente
928 3328 1009 3400 ostte
1018 3329 1092 3398 pods.
1124 3328 1182 3383 For

80 3411 129 3466 tho
137 3413 240 3482 justice
252 3412 452 3468 administered
464 3413 502 3487 by
517 3413 613 3468 Godis
628 3429 683 3467 one
697 3412 786 3484 thing,
798 3410 861 3466 that
875 3411 913 3483 by
927 3428 1001 3477 men,
1010 3413 1138 3480 another,
1150 3430 1181 3470 ss

80 3514 122 3553 wc
137 3498 210 3552 shall
225 3498 300 3553 show
312 3497 463 3555 herestter.
507 3499 570 3553 Nor
591 3499 674 3571 again
688 3514 741 3552 can
755 3514 796 3552 we
810 3514 897 3569 argue
912 3497 983 3563 that,
997 3498 1116 3554 because
1131 3499 1179 3554 do·

79 3584 229 3639 scandente
243 3584 354 3639 receive
362 3584 486 3640 honours
495 3585 551 3640 snd
562 3584 683 3640 rewards
696 3583 742 3638 for
756 3583 805 3639 the
816 3585 899 3639 merit
909 3584 943 3639 of
948 3582 1183 3651 theirancoetors,

78 3669 222 3725 therefore
234 3671 258 3725 it
269 3671 292 3724 is
303 3671 364 3741 just
375 3670 438 3726 that
452 3669 520 3743 they
534 3670 634 3726 should
646 3670 683 3725 be
693 3669 832 3742 punished
843 3670 889 3724 for
900 3670 975 3727 their
984 3672 1092 3727 crimea.
1123 3671 1182 3727 For

78 3752 198 3810 benefits
219 3772 268 3811 are
286 3756 320 3811 cf
339 3757 408 3811 such
422 3764 532 3822 nature,
553 3755 592 3829 by
606 3756 682 3812 thelr
698 3763 811 3821 matter,
831 3755 895 3811 that
917 3755 986 3829 they
1000 3774 1065 3829 may
1078 3757 1115 3813 be
1129 3758 1180 3813 be·

79 3839 185 3895 stowcd
199 3858 276 3914 upon
290 3858 347 3914 any
361 3842 479 3897 without
492 3843 594 3915 injury,
607 3843 659 3897 but
673 3841 868 3914 punishments
881 3859 931 3897 are
944 3850 1003 3897 not.

134 3926 187 3981 IX.
226 3928 278 3982 We
293 3927 364 3982 hare
377 3929 485 4000 spoken
496 3929 530 3983 of
541 3928 590 3983 the
604 3946 678 4001 ways
692 3928 722 3982 in
737 3928 828 3983 which
842 3945 860 3983 s
873 3930 1071 4003 perticipaticn
1086 3930 1116 3983 in
1131 3928 1182 3984 the

77 4010 260 4082 punishment
272 4013 352 4068 takes
363 4015 444 4086 place
455 4016 484 4069 in
495 4031 687 4086 consequence
699 4014 758 4069 oia
768 4014 966 4087 participation
978 4016 1008 4069 in
1020 4016 1068 4070 the
1083 4015 1179 4069 crime.

78 4096 106 4151 It
117 4099 239 4153 remeius
253 4098 316 4154 that
330 4117 371 4155 we
386 4101 515 4156 consider
523 4100 657 4168 whether,
670 4100 750 4155 when
761 4099 842 4156 thore
853 4102 877 4155 is
891 4107 943 4155 not
954 4118 971 4154 a
982 4100 1183 4171 perticipatiou

76 4182 107 4237 in
121 4183 172 4239 the
186 4185 301 4250 offense,
322 4185 403 4241 there
418 4204 482 4258 may
501 4186 539 4241 be
553 4186 582 4239 in
600 4186 650 4241 the
665 4186 862 4259 punishment;
884 4185 941 4240 and
961 4184 1038 4248 here,
1060 4184 1122 4238 that
1138 4201 1181 4239 we

77 4285 143 4340 may
163 4276 214 4325 not
231 4271 268 4325 be
282 4272 383 4326 misled
397 4272 435 4342 by
449 4271 499 4327 the
519 4272 668 4344 similarity
687 4273 720 4328 of
736 4272 825 4327 words
847 4270 928 4326 when
948 4270 997 4325 the
1016 4269 1111 4342 things
1132 4286 1187 4325 are

77 4353 218 4422 different,
232 4374 273 4413 we
288 4364 364 4412 must
377 4358 459 4411 make
473 4374 491 4411 a
504 4356 558 4411 few
575 4359 710 4414 remarks.

132 4441 171 4497 X.
210 4448 225 4498 1
248 4443 332 4508 First,
353 4442 416 4498 that
445 4459 463 4497 a
484 4442 603 4513 damage
625 4445 746 4516 directly
768 4441 871 4498 caused
891 4441 915 4495 is
935 4457 990 4497 one
1012 4439 1102 4514 thing,
1124 4441 1182 4498 and
