2834 4920
86 298 156 354 Can.
171 294 256 364 XX.]
528 293 580 347 DE
602 291 739 348 POENIS.
1122 283 1186 345 253

85 485 161 529 mas
177 461 270 526 hand
290 459 463 525 ἱιυίονίὁιιι
478 458 629 523 remediis
650 457 894 541 restinpaendns
910 469 967 535 est,
991 478 1088 542 quam
1112 457 1185 521 titi-

86 562 222 627 dinilnts
238 559 393 623 ardescit.

161 661 182 723 2
219 655 417 722 Punitionem
441 675 511 740 quae
535 653 607 719 huic
631 652 683 717 fini
706 652 836 720 inservit
859 661 973 719 natura
997 654 1093 720 cuivis
1118 674 1186 719 ease

87 756 213 832 licitam
231 754 284 841 qui
300 753 417 839 judicio
434 753 547 827 valeat,
569 760 601 818 et
618 751 767 838 ejusmodi
783 752 906 841 generis
927 761 983 819 sut
998 753 1124 840 paribus
1141 752 1185 819 si-
1198 770 1335 864 ἓξὲξ

87 857 138 927 tiis
154 876 219 921 non
235 860 391 930 teneatur,
409 874 448 916 cx
465 871 503 916 es
519 872 590 937 quse
604 850 708 916 verbis
724 851 760 916 lit
777 851 978 940 castigatione
993 859 1135 939 apparet.

306 979 435 1035 Amicum
449 979 586 1049 castigare
599 978 637 1033 ob
650 979 780 1033 meritam
794 980 914 1045 noxiam,
1198 982 1267 1068 {¹12⁸}
1278 983 1339 1023 asta

305 1065 436 1120 Immune
450 1070 493 1119 est
506 1064 622 1129 facinus,
636 1080 734 1119 verum
747 1064 777 1117 in
791 1070 876 1120 aetate
889 1066 968 1121 utile.

91 1177 134 1242 In
154 1171 332 1241 verberibus
354 1192 428 1238 vero
453 1178 486 1236 et
510 1170 577 1235 ahie
599 1191 670 1256 quae
691 1170 854 1236 coactionis
877 1171 995 1259 aliquid
1017 1171 1183 1249 continent,

93 1273 256 1341 discrimen
276 1265 375 1335 tinter
394 1290 543 1357 personas
564 1269 673 1354 quibus
694 1268 729 1334 id
744 1269 835 1335 liceat
857 1279 989 1337 autnon
1010 1270 1102 1337 liceat
1123 1293 1186 1337 non

92 1370 271 1439 estfactum
285 1393 306 1435 s
320 1379 432 1434 natura
450 1371 562 1454 (neque
578 1366 658 1432 enim
675 1367 787 1454 potuit,
807 1367 866 1433 nisi
882 1369 1058 1455 quadratio
1075 1391 1186 1456 paren·

91 1471 175 1537 tibus
195 1468 228 1534 in
243 1469 356 1535 liberos
379 1467 446 1554 ejus
458 1466 538 1552 juris
554 1466 783 1551 usurpationem
801 1488 859 1553 pro
878 1469 1006 1534 affectus
1022 1469 1189 1535 necessitu-

92 1569 165 1635 dine
189 1565 386 1655 peculiariter
406 1565 611 1647 commendat)
635 1565 689 1630 sed
711 1564 878 1655 alegibus,
902 1589 972 1654 quse
997 1590 1187 1633 communem

92 1667 177 1733 illam
203 1666 326 1755 generis
355 1663 482 1729 humani
516 1662 786 1750 propinquitatem,
820 1665 1017 1732 alendarum
1048 1666 1188 1732 rixarum

94 1787 180 1854 ergo,
206 1765 248 1830 ad
272 1763 428 1850 proximos
450 1764 578 1828 affectus
602 1761 840 1841 restrinxerunt,
866 1776 902 1831 ut
924 1765 1031 1832 videre
1052 1774 1099 1832 est
1120 1774 1187 1832 tum

93 1865 178 1941 alibi,
203 1872 269 1930 tum
293 1862 406 1928 Codice
424 1860 628 1938 lastinianeo,
652 1861 741 1928 tilulo
764 1864 803 1929 de
828 1865 1042 1932 emendatione
1061 1865 1188 1954 propin-

93 1984 246 2049 quorum:
272 1983 333 2049 quo
349 1969 382 2026 et
397 1960 474 2026 illud
490 1960 625 2047 pertinet
642 1962 855 2049 Xenophontis
870 1965 910 2030 ad
927 1964 1056 2031 milites:
1083 1966 1110 2033 ri
1128 1961 1188 2044 μὲν
1202 1993 1322 2042 mmm.

104 2054 355 2082 aaaaaa
530 2055 539 2084 a
579 2055 587 2077 r
631 2058 679 2079 a«
715 2057 724 2083 ι
1052 2063 1059 2087 ι
1158 2067 1173 2082 ,,
1202 2039 1350 2089 Ovandi&

94 2091 141 2132 επ
166 2061 285 2150 apadno
301 2068 448 2128 εκολασα
466 2089 550 2136 τινα,
568 2057 647 2149 αξιω
663 2090 797 2155 υπιχειν
809 2054 904 2144 δίκην,
922 2069 992 2132 οἵαν
1008 2094 1059 2132 και
1077 2093 1188 2153 ’γονεις

96 2161 175 2231 υἱοῖς
205 2159 257 2228 rai
286 2151 470 2226 διδάσκαλοι
498 2161 602 2228 παισί.
645 2159 696 2228 καὶ
719 2159 794 2254 Ὑᾶρ
824 2159 930 2256 ἰατροὶ
958 2158 1115 2240 τέμνουσι
1137 2164 1188 2233 καὶ

95 2261 238 2329 καίουσιν
254 2254 306 2326 ἐπ’
325 2255 453 2346 ἀγαθῷ·
477 2261 507 2323 si
523 2281 613 2340 quem
630 2271 671 2324 at
682 2263 845 2345 pedessem
860 2264 1036 2339 verberavi,
1058 2287 1190 2349 poenam

96 2360 207 2425 dehere
223 2380 272 2424 me
282 2360 444 2443 profiteor,
462 2359 586 2442 qualem
597 2371 752 2442 parentes
767 2360 861 2442 filiis,
879 2370 909 2423 et
925 2364 1078 2444 mapc'strt'
1094 2365 1192 2427 disei-

90 2459 193 2545 pnl'.
239 2459 332 2523 Nam
354 2468 383 2521 et
405 2458 523 2521 medici
546 2468 698 2540 <sprctam
720 2479 777 2521 sao
801 2459 907 2541 ipsias
928 2459 1008 2522 bono
1025 2472 1128 2523 ament
1151 2483 1192 2525 ac

97 2564 217 2625 secant.
264 2554 444 2621 Leennlius
466 2553 545 2619 libro
561 2574 614 2619 ιιι
639 2556 738 2619 labet
756 2557 846 2621 Deae
868 2568 904 2620 at
927 2578 1043 2622 manna
1065 2570 1348 2639 nostrasrsanaa

97 2678 194 2741 asper
220 2656 359 2720 minoren
382 2675 502 2738 semper
526 2653 708 2730 habeamus,
735 2656 794 2720 hoc
818 2666 873 2731 est,
896 2668 933 2720 at
953 2669 1122 2740 peccantes
1144 2680 1196 2724 eos

98 2755 244 2820 mndata
266 2753 449 2818 celeribus
470 2753 682 2836 cnriyamas,
704 2775 743 2818 ne
765 2776 875 2820 amore
896 2756 1014 2820 irratili
1035 2769 1065 2821 et
1087 2758 1196 2822 istaut

96 2854 209 2938 pontia
224 2853 331 2916 nimia
348 2852 520 2916 edueattar
536 2852 583 2914 ad
600 2852 721 2916 malam
739 2863 769 2918 et
786 2856 832 2917 ad
847 2856 933 2919 vitia
949 2857 1153 2921 nutriantur.

98 3026 249 3086 corripimus.
279 3025 347 3071 idam
363 3022 392 3069 de
406 3022 453 3069 Ira
472 3036 503 3069 11.
523 3026 561 3070 27.
591 3024 623 3071 ln
672 3027 758 3082 nentia,
773 3028 857 3072 atalia
867 3042 920 3086 part
925 3030 1057 3087 prrffutura
1067 3036 1181 3091 torquent

98 3100 449 3160 tamtcntmaqtrtraras,
461 3104 623 3160 parentesque,
717 3104 725 3133 ¹
748 3101 813 3145 Inter
828 3114 944 3158 personas
964 3103 1048 3161 quihus
1068 3104 1095 3148 ιιι
1115 3106 1196 3165 liccat]

99 3175 233 3232 etjuda'aa,
251 3188 350 3234 quanm
364 3173 491 3232 coetiqats'o
507 3175 542 3219 ric
558 3175 624 3221 acci-
674 3171 738 3220 Vide
750 3174 914 3233 Augustinnm
925 3174 1069 3221 Enrtlrtatc
1079 3190 1132 3237 cap».
1144 3180 1183 3223 7¹1.

94 3250 188 3310 piarda
196 3254 238 3306 erl,
247 3247 361 3309 mnodo
370 3246 513 3305 scalpellum,
523 3251 544 3292 et
552 3247 626 3293 aben-

100 3449 185 3505 Plato
199 3449 257 3503 and
268 3448 390 3504 Tacitus.

156 3541 175 3589 2
203 3533 279 3589 That
292 3532 473 3605 punishment
484 3531 574 3587 which
589 3548 708 3587 answers
723 3533 791 3588 such
803 3550 840 3587 an
854 3533 920 3600 end,
934 3533 957 3588 is
971 3534 1066 3589 lswlul
1076 3542 1105 3591 to
1118 3554 1202 3611 ovory

101 3635 157 3675 one
171 3620 205 3674 ol
217 3620 308 3675 sound
316 3619 474 3690 Judgment,
486 3618 548 3671 who
559 3618 583 3671 is
595 3623 645 3671 nat
656 3617 817 3689 implicated
828 3620 857 3672 in
869 3618 932 3674 that
944 3635 976 3673 or
987 3618 1035 3675 the
1047 3620 1105 3676 lito
1119 3622 1203 3688 vicos,

101 3722 221 3776 appears
235 3705 309 3758 froin
324 3703 398 3757 what
419 3705 442 3757 is
463 3703 524 3758 said
546 3702 580 3756 of
598 3702 693 3756 rerbal
711 3703 884 3773 castigatiora.
923 3704 950 3758 It
972 3704 995 3757 is
1017 3724 1054 3759 an
1069 3708 1204 3779 anrifficial

101 3791 190 3861 Duty.
211 3787 279 3856 [See
296 3785 437 3854 Plautus]
482 3789 517 3841 In
537 3788 636 3859 stripes
651 3787 708 3840 and
723 3788 881 3852 inflictione,
895 3787 984 3842 which
1006 3792 1119 3845 conloln
1134 3808 1204 3863 arry-

102 3874 184 3945 thing
198 3875 232 3929 of
243 3874 426 3945 compulsion,
439 3871 489 3927 the
504 3872 654 3925 differencc
665 3871 790 3927 between
805 3873 854 3927 the
865 3889 981 3944 persons
994 3880 1023 3929 to
1034 3874 1123 3929 wltom
1137 3876 1159 3929 lt
1173 3878 1206 3941 ht,

102 3960 160 4015 and
174 3965 205 4014 tc
220 3959 313 4012 whom
328 3960 351 4012 it
365 3959 388 4012 is
403 3963 453 4012 not
467 3957 570 4019 lassul,
593 3956 615 4009 is
636 3960 687 4009 not
701 3957 783 4011 mado
802 3958 840 4030 by
854 3963 965 4020 natura,
981 3956 1047 4019 (nin
1061 3960 1144 4015 ιειιιιιιι
1161 3962 1206 4025 ho,

103 4050 204 4115 except
218 4043 281 4098 that
292 4050 393 4096 natura
405 4041 566 4095 commende
581 4045 611 4093 ιο
625 4047 739 4111 parents
753 4041 803 4095 tha
817 4043 895 4097 ossica
910 4043 943 4098 of
957 4045 1114 4109 correction
1131 4044 1206 4099 ιΙιιιΙι·

104 4127 255 4194 children)
270 4129 322 4183 but
337 4128 374 4198 by
392 4125 441 4180 the
456 4126 530 4188 laws,
551 4125 649 4188 which,
667 4125 714 4178 for
728 4126 777 4180 the
793 4127 860 4181 salic
881 4128 914 4180 af
926 4128 1056 4195 nroidiag
1071 4130 1208 4197 sirucrana,

104 4212 177 4269 have
195 4212 343 4268 restricted
358 4211 421 4265 that
440 4209 553 4278 general
567 4210 687 4263 relation
702 4208 746 4276 [of
761 4218 915 4265 correctore
930 4212 987 4265 and
1008 4212 1149 4265 corrected
1160 4212 1165 4275 1
1177 4224 1207 4265 tc

104 4297 155 4353 the
167 4303 279 4354 nearest
290 4297 389 4367 family
401 4294 541 4357 relatives,
555 4309 585 4346 as
600 4310 641 4349 we
655 4311 719 4365 may
733 4311 780 4349 sec
795 4296 825 4349 in
837 4295 885 4349 tha
899 4295 994 4349 Codex
1008 4296 1041 4347 ol
1056 4294 1207 4355 ιιιιιιΙιιΙιιιι.

106 4383 181 4439 Title
192 4384 236 4438 De
247 4380 427 4438 emendatione
512 4377 519 4391 ⁸
688 4380 728 4435 So
744 4380 803 4435 also
814 4381 843 4433 in
851 4376 1021 4447 Xenophon,
1034 4376 1206 4433 lacctantius.
