2834 4920
209 187 274 254 292
648 195 700 251 DE
723 196 862 251 POENIS.
1186 195 1260 266 [Lm.
1271 196 1312 255 11.

188 427 198 448 ‚
285 363 408 428 XXIX.
460 362 479 426 1
515 359 553 425 ln
576 359 686 427 merito
713 360 920 426 examinanda
942 360 1072 427 veniunt
1097 366 1222 428 mcansa
1240 383 1314 450 qnae

210 462 341 550 impulit,
360 482 452 527 causa
469 481 539 547 quae
561 460 723 526 retrahere
745 459 862 536 debuit,
880 468 913 526 et
938 482 1078 547 personae
1096 460 1249 528 idoneitas
1270 462 1314 529 ad

211 571 387 647 utrumque.
432 559 495 626 Vix
520 558 683 646 quisquam
706 559 806 648 gratis
829 559 926 624 malus
948 568 1005 636 est,
1021 569 1078 625 aut
1094 559 1120 624 si
1137 582 1230 646 quem
1247 584 1315 628 ma·

211 660 279 727 litia
297 669 428 746 propter
448 658 581 745 seipsam
604 657 748 734 delectat,
769 658 796 722 is
812 657 896 724 ultra
913 658 1037 724 modum
1054 659 1223 725 humanum
1240 682 1314 747 pro-

47 776 157 820 mus
212 760 310 825 cessit.
362 760 441 824 Pars
466 757 601 823 maxima
622 757 664 823 ad
689 757 878 843 peccandum
906 757 1062 823 ducuntur
1084 758 1264 837 affectibus:
1291 756 1311 841 ἦ

211 855 367 941 ἐπιθυμία
400 855 623 941 συλλαβοῦσα
657 857 764 924 τίκτει
790 853 973 948 ἁμαρτίαν·
1008 859 1174 945 appetitus
1205 862 1311 926 conci·

205 962 303 1044 piens
322 960 420 1044 parit
441 969 620 1043 peccatnna
671 955 837 1042 Appetitus
860 955 984 1020 nomine
1001 955 1068 1042 jam
1085 964 1118 1022 et
1137 957 1312 1025 declinandi

211 1057 286 1122 mali
302 1057 450 1143 impetum
468 1055 704 1142 comprehendo,
720 1054 773 1141 qui
789 1055 922 1120 maxime
938 1063 986 1121 est
1002 1055 1162 1135 naturalis,
1178 1056 1312 1144 ideoque

210 1156 294 1222 inter
325 1154 481 1244 appetitus
513 1153 764 1220 honestissimus:
797 1154 880 1220 undo
912 1175 982 1241 quse
1013 1154 1132 1231 mortis,
1164 1157 1310 1235 carceris,

211 1254 336 1332 doloris,
363 1263 420 1320 ent
452 1276 580 1320 summes
614 1252 762 1342 egestatis
795 1253 931 1320 vinndae
959 1275 1052 1320 musa
1078 1253 1190 1342 injuste
1217 1255 1309 1335 liunt,

210 1355 345 1421 maxime
361 1353 548 1420 excusabilia
566 1352 664 1418 videri
680 1352 790 1418 solent.
871 1414 873 1418 ,

287 1457 308 1519 2
343 1456 386 1519 Et
410 1454 471 1518 huo
495 1451 571 1518 illud
597 1450 818 1518 Demosthenis
843 1451 998 1539 pertinet:
1020 1476 1144 1540 aequam
1171 1467 1227 1532 eet,
1254 1456 1314 1522 bie

210 1556 276 1638 qui,
295 1576 368 1620 cam
392 1555 510 1618 divites
534 1553 611 1627 sint,
637 1553 719 1618 mali
742 1564 830 1628 eant,
856 1555 964 1638 necyia
987 1555 1101 1629 irasci,
1127 1576 1230 1639 quam
1256 1557 1311 1622 bis

208 1676 290 1740 quoe
307 1665 430 1738 epectae
443 1652 604 1736 impellit:
626 1674 705 1716 narn
722 1653 812 1736 apud
827 1652 1031 1718 humanitate
1047 1664 1171 1719 alentes
1178 1655 1310 1738 judices

207 1755 382 1819 necessitas
398 1752 530 1833 aliquid
552 1751 662 1833 adfert
684 1752 793 1826 venia,
817 1773 889 1815 cnm
913 1753 945 1816 ei
965 1753 1024 1836 qni
1040 1754 1077 1817 in
1091 1775 1199 1818 rernm
1216 1757 1309 1838 affla-

208 1854 298 1918 cntia
323 1852 439 1934 injusti
461 1859 546 1924 oenc,
571 1849 658 1913 nihil
673 1850 815 1914 babeant
836 1852 991 1932 preteeti
1008 1853 1203 1935 probabilis.
1256 1852 1310 1918 Sic

207 1950 389 2015 Acarnanas
415 1954 543 2012 excusat
568 1946 720 2033 Polybius
748 1946 841 2033 quod,
870 1946 1075 2033 impendentis
1102 1949 1231 2036 periculi
1258 1973 1309 2017 re-

207 2050 342 2136 spectu²,
368 2045 484 2113 sederis
509 2067 579 2110 cum
610 2045 728 2135 Graecis
750 2045 783 2110 in
809 2045 934 2111 AEtolos
962 2046 1030 2112 initi
1055 2048 1141 2136 leges
1163 2071 1225 2115 non
1251 2049 1305 2114 im·

206 2147 352 2237 plessenb.
402 2143 608 2211 Aristoteles:
628 2141 761 2236 ἑκουσίῳ
794 2147 926 2229 μᾶλλον
958 2140 1062 2216 ἔοικεν
1091 2143 1111 2230 ἡ
1141 2144 1309 2218 ἀκολασία

250 2349 269 2376 ⁸¹
285 2341 366 2389 Caetra
373 2355 422 2402 qne
430 2339 535 2402 impulit]
547 2340 732 2401 chrysostomus
825 2347 838 2374 ¹²
852 2339 933 2387 Dolor
942 2344 1019 2388 ανιιοι
1031 2340 1145 2388 honinem
1154 2341 1226 2401 anari
1237 2345 1312 2389 extra

204 2429 231 2463 x.
242 2415 271 2463 de
278 2416 384 2463 sacen:
396 2417 424 2462 ol
434 2415 485 2476 γαρ
495 2415 525 2470 δή
534 2416 586 2462 πᾶν
595 2413 733 2474 ἁμάρτημα
780 2428 806 2462 ιι
814 2414 892 2476 rapit]
903 2416 967 2463 Vide
974 2417 1096 2477 egregiam
1103 2418 1308 2477 comparationem

204 2491 252 2544 σιίν
268 2492 345 2548 αὐτήν
357 2491 429 2551 φέροι
440 2491 547 2538 κόλασιν
558 2489 628 2537 ἄλλο’
645 2489 679 2537 ‘ra'
693 2492 731 2536 ‹lr-
780 2490 840 2536 furia
851 2495 876 2536 et
885 2491 989 2537 adulteri
999 2491 1181 2537 Proverbiomm
1191 2492 1221 2539 vl.
1231 2493 1269 2539 30.
1285 2496 1308 2538 el

204 2566 354 2624 κατόρθωτα
373 2565 473 2624 μείζονα
492 2563 550 2621 η’μῖν
571 2563 662 2622 ἐπάγει
682 2562 731 2617 σιὶν
780 2576 846 2623 seqq.

204 2642 335 2698 τιμωρίαν·
346 2653 391 2683 non
401 2638 461 2683 enlm
471 2637 545 2681 omnis
554 2637 625 2694 eulpra
635 2636 730 2681 ιακάεοι
825 2645 837 2670 ⁰
851 2637 909 2682 Ideo
919 2637 977 2696 plne
992 2637 1061 2683 labet
1074 2639 1216 2699 noluntadi]
1236 2642 1307 2688 Philo

199 2726 294 2772 ραιιοοι
307 2717 414 2766 νησαίαν,
429 2710 472 2755 sed
482 2709 616 2769 praviorem
626 2709 671 2754 illa
680 2723 730 2768 quc
780 2709 980 2770 adDeealopnm:
992 2712 1129 2770 πάνταμὲν
1137 2713 1187 2772 γάρ
1197 2717 1244 2768 τῆς
1255 2719 1310 2776 ψη.

200 2787 278 2846 facile
288 2787 378 2844 corripi
383 2785 472 2843 potnit.
496 2784 576 2842 (Tam.
586 2796 622 2831 vr.
632 2797 657 2843 p.
666 2784 730 2842 531.)
780 2784 902 2845 χῇιπιίθη
911 2785 1194 2846 χαλιπᾰ,κινοῦντακαί
1202 2790 1306 2840 σείοντα

204 2862 237 2907 Et
248 2862 272 2905 iu
283 2860 387 2905 mauride
393 2858 501 2904 oratione
511 2871 554 2904 cur
561 2859 687 2903 obscurum
698 2858 731 2904 eit
780 2860 859 2914 οὺτιὶν
873 2859 944 2917 παρα*
959 2861 1046 2920 φύσιν,
1064 2862 1104 2908 καί
1124 2863 1245 2922 ὑγιαίνειν
1262 2871 1308 2915 οὐκ

204 2941 272 2983 velue
283 2939 462 2990 testamentum,
473 2933 528 2978 hinc
542 2933 629 2992 probat
639 2932 730 2978 calum-
780 2933 870 2981 ίῶντα.
886 2934 1076 2996 χαλεπώτατον
1089 2937 1109 2982 d’
1125 2937 1252 2998 ἐπιθυμία·
1267 2941 1305 2988 διὸ

204 3012 321 3057 uiatorem
336 3010 442 3071 pejorem
454 3023 506 3055 esee
516 3013 656 3065 scortatore,
667 3009 728 3067 fure,
780 3011 831 3055 τῶν
840 3011 981 3069 placillus
996 3011 1104 3058 ’ἑκαστον
1120 3012 1222 3071 θύραθεν
1237 3015 1306 3063 ἐπει.

203 3086 328 3132 homicida
359 3085 445 3146 (Tom.
462 3097 498 3131 vt.
521 3097 577 3143 pag.
596 3083 648 3131 667.
678 3083 730 3132 Ed.
780 3084 835 3129 σίον
845 3087 886 3130 καί
896 3086 1064 3144 προσπίπτον
1076 3087 1174 3148 ἔξωθεν,
1190 3089 1306 3138 ἀκούσιον

203 3161 294 3217 Saril.)
780 3159 844 3205 elva:
853 3160 928 3205 δοκεῖ·
943 3160 1004 3219 μόνη
1015 3161 1035 3207 δ’
1047 3162 1111 3217 cirri
1125 3164 1242 3224 ἐπιθυμία
1257 3167 1306 3221 τιίν

247 3235 360 3280 ’Parum
375 3232 490 3279 adcurate
500 3232 545 3278 hoc
561 3231 656 3280 dicitnr.
686 3234 729 3280 Iu·
778 3235 860 3296 α’ρχιὶν
879 3234 909 3295 ἐξ
929 3234 997 3295 ἡμῶν
1022 3237 1145 3297 λαμβάνοι
1172 3241 1212 3286 καί
1233 3241 1305 3289 ἔστιν

202 3310 267 3369 spice
278 3310 365 3366 locum,
380 3309 405 3353 iu
416 3322 458 3353 ora
466 3308 521 3353 libri
535 3321 550 3352 a
565 3321 604 3354 me
617 3308 729 3356 dletlnote
778 3309 896 3356 deodatae·
908 3324 986 3356 omnes
995 3312 1087 3371 quidem
1097 3315 1307 3374 animiperturba·

201 3383 341 3429 indicatum.
371 3381 399 3428 J.
409 3381 444 3430 B.
779 3384 853 3431 tiones
861 3398 952 3444 prava,
967 3391 1056 3447 atque
1065 3389 1247 3438 animnmeetra
1258 3406 1305 3439 na·

256 3633 369 3689 XXIX.
409 3639 423 3687 l
447 3633 482 3688 In
494 3635 653 3706 examining
668 3636 771 3701 desert,
780 3635 860 3691 thess
874 3637 969 3708 points
981 3652 1062 3691 come
1076 3636 1167 3691 under
1176 3640 1305 3696 consido·

202 3718 311 3783 ration:
326 3719 375 3774 the
390 3736 474 3775 cause
485 3719 575 3774 which
588 3721 730 3792 impelled,
739 3720 788 3776 tho
798 3738 881 3776 cause
896 3720 986 3776 which
997 3721 1085 3792 ought
1097 3729 1127 3776 to
1138 3722 1210 3777 hare
1222 3726 1307 3780 with-

202 3802 279 3868 held,
298 3805 356 3858 aud
370 3804 419 3860 the
434 3805 530 3860 fitness
545 3805 579 3860 of
592 3806 641 3861 the
662 3823 766 3878 person
783 3813 813 3861 to
828 3806 907 3862 each.
941 3803 1028 3876 [First
1048 3807 1081 3862 of
1093 3807 1142 3861 the
1155 3808 1304 3882 impelling

203 3885 312 3958 cause.]
332 3891 434 3945 Scerce
448 3908 504 3962 any
518 3908 572 3946 one
587 3892 610 3947 is
622 3892 729 3947 wichad
742 3891 789 3947 for
802 3891 935 3962 nothing:
955 3892 982 3946 ii
994 3892 1073 3948 there
1088 3893 1124 3948 be
1136 3911 1192 3965 any
1200 3911 1304 3965 person

202 3976 294 4029 whom
301 3976 470 4030 wickeduess
481 3976 602 4048 delights
615 3994 652 4032 on
667 3978 703 4032 its
716 3994 778 4032 own
790 3984 918 4042 account,
930 3977 966 4033 he
979 3977 1029 4033 hus
1041 3995 1115 4049 gone
1127 3979 1239 4051 beyond
1252 3982 1302 4037 the

202 4061 288 4116 limite
303 4062 336 4116 of
348 4061 505 4132 humanity.
551 4063 612 4117 The
623 4069 735 4134 greater
743 4069 807 4134 part
816 4064 850 4118 of
860 4080 976 4134 persons
986 4081 1035 4119 are
1044 4065 1090 4119 led
1102 4072 1132 4119 to
1144 4067 1188 4119 sin
1202 4066 1240 4138 by
1252 4068 1303 4123 the

201 4148 360 4202 affectione:
388 4148 473 4201 When
487 4148 569 4202 desire
584 4150 648 4202 hatl
662 4150 796 4203 conceioed
806 4149 827 4203 it
839 4150 958 4220 brinpetl
964 4152 1047 4220 sorel
1061 4153 1112 4215 sin,
1123 4152 1142 4206 J
1143 4167 1218 4206 ames
1228 4152 1247 4207 i.
1258 4158 1303 4208 15.

200 4232 300 4288 Under
312 4233 361 4288 tho
380 4250 464 4288 neme
485 4233 518 4287 of
529 4234 629 4298 desire,
643 4235 659 4289 I
673 4235 785 4289 include
805 4235 864 4289 also
883 4235 932 4290 the
951 4236 1071 4307 impulse
1094 4243 1123 4291 to
1142 4236 1215 4291 shun
1237 4238 1303 4303 evil,

201 4317 292 4373 ahloh
314 4320 337 4374 is
359 4325 433 4374 most
454 4319 575 4384 natural,
592 4319 649 4374 and
670 4319 814 4376 therefore
832 4320 881 4376 the
899 4328 973 4377 most
987 4321 1090 4377 decent
1104 4321 1138 4376 of
1151 4321 1200 4377 the
1213 4338 1310 4397 appeg
