2834 4920
77 268 147 325 Can.
160 264 284 335 xxm]
321 267 452 324 JUSTlS
474 267 609 323 CAUSIS
631 265 887 322 SUSCIPIENDO
909 265 1043 321 BELLO.
1110 258 1174 322 429

77 430 218 495 morbum
247 428 383 493 laceret:
407 428 584 516 intelligens
614 429 797 515 populorum
827 428 1025 506 occidionem,
1056 427 1176 494 desola-

78 528 192 593 tionem
219 526 353 602 urbium,
383 527 567 614 pestilentiae
592 549 659 592 esse
690 549 805 613 opere:
836 528 913 592 nihil
941 536 1045 593 autem
1076 527 1177 615 magis

79 648 146 691 esse
172 624 295 713 regium
322 646 414 711 quam
439 625 598 691 consulere
623 625 757 691 omnium
781 626 978 712 solutiones
1001 648 1078 714 pace
1105 647 1178 691 cou-

78 724 204 790 tinctus.

156 825 178 886 3
215 821 250 886 Si
269 821 342 907 jure
364 822 505 888 Hebraeo
522 829 555 887 et
574 821 707 908 quinon
724 821 831 889 voleus
846 822 1002 888 hominem
1018 823 1178 890 occidisset
1189 838 1326 922 mgr·

79 920 191 1008 ingere
220 920 372 988 debebat:
397 920 424 985 si
456 922 543 985 Deus
568 942 589 985 a
618 919 751 997 Davide,
777 922 830 1008 qni
856 922 909 1009 pia
937 921 1020 988 bella
1046 923 1177 1010 gessisse
1189 942 1293 1027 hcm

82 1019 205 1095 dieitur,
232 1017 303 1083 ideo
328 1018 479 1105 templum
506 1040 596 1083 suum
624 1017 769 1084 edificari
796 1020 896 1086 vetuit
921 1021 1026 1106 yqnod
1048 1022 1179 1087 multum

82 1116 263 1204 sanguinem
287 1115 436 1182 ludisset=
459 1115 486 1181 si
507 1117 592 1204 apud
617 1117 744 1183 Graecos
761 1125 883 1184 veteres
904 1119 1083 1205 expiatione
1102 1142 1180 1206 opus

82 1213 241 1280 habehant
270 1214 364 1280 otiam
394 1215 450 1300 qui
476 1213 543 1280 sine
575 1215 665 1301 culpa
693 1236 817 1280 manum
843 1217 930 1282 caede
957 1217 1179 1284 maculassent:

83 1313 152 1398 quis
166 1335 229 1379 non
244 1310 358 1387 videat,
375 1312 548 1398 proesertim
567 1312 771 1390 Christianus,
789 1335 883 1399 quam
899 1337 952 1380 res
967 1315 1008 1380 sit
1024 1315 1132 1381 infelix
1149 1326 1181 1383 et

84 1411 157 1475 mali
173 1410 292 1487 ominis,
316 1419 495 1496 quantoque
513 1411 584 1477 nisu
605 1410 785 1498 fugiendum
809 1413 922 1477 bellum
945 1412 1040 1478 etiam
1056 1436 1119 1480 uon
1134 1414 1182 1479 iu-

81 1507 227 1594 justum?
273 1509 368 1574 Certe
392 1509 475 1595 apud
502 1510 628 1574 Graecos
654 1509 922 1575 Christianismum
947 1511 1103 1597 professos
1129 1513 1182 1578 diu

84 1608 267 1673 observatus
292 1616 340 1672 est
364 1629 472 1684 onnon,
498 1629 560 1692 quo
582 1606 678 1673 sacris
701 1607 759 1672 ²ad
785 1617 907 1696 tempus
926 1610 1114 1676 arcebantur
1130 1610 1182 1698 qui
1195 1634 1298 1675 amm

84 1705 206 1771 hostem
221 1706 255 1771 in
271 1705 485 1792 qualicumque
501 1705 581 1771 bello
598 1704 831 1796 interfecissent.
1194 1686 1234 1766 ‘l'
1262 1682 1328 1765 ‘iis

85 1881 154 1925 δοκεῖ
163 1879 204 1927 circi
212 1881 260 1935 τήν
272 1879 396 1927 ἀνωτάτω
407 1881 447 1927 καὶ
458 1879 611 1940 κοινὴνσνγ-
660 1893 799 1926 communem
817 1895 835 1926 α
857 1895 947 1928 mmm
965 1896 1042 1929 cama
1061 1882 1185 1930 omnnem

86 1954 192 2013 γένειαν·
218 1956 246 2002 ot
267 1956 343 2016 χάριν
366 1954 507 2014 καθαρσίων
527 1955 611 2010 ἐδέησε
660 1955 826 2015 σοᾳπαίἰωιενη.
854 1955 1006 2016 Quapropter
1014 1962 1036 2002 ct
1041 1959 1186 2018 mentions

85 2033 141 2074 τοῖς
166 2029 281 2076 κτείνασι
300 2029 365 2088 πρὸς
383 2029 540 2088 ἀπαλλαγήν
565 2030 611 2075 τοῦ
659 2030 764 2089 qudam
780 2030 974 2087 opulenciam
994 2031 1053 2077 tales
1075 2030 1185 2091 interfec-

87 2101 245 2159 νομισθέντος
259 2102 335 2161 ἄγους
351 2103 514 2163 moveatur·
528 2118 612 2162 quarm
659 2108 729 2160 tem,
739 2104 897 2150 adelwardum
903 2105 1114 2163 qnodcommimnt
1120 2104 1186 2151 oisle-

87 2175 124 2220 νίν
140 2176 200 2220 enim
214 2176 304 2235 leqihas
314 2177 433 2235 permissa
448 2178 496 2222 rint
512 2178 612 2224 hominm
660 2178 730 2223 ocur
735 2177 866 2236 pianelam.
896 2179 965 2238 (Peg.
976 2180 1021 2226 650
1031 2180 1065 2237 n.)

88 2247 226 2304 occidione,
247 2253 350 2293 attam
369 2249 475 2307 quiquis
500 2250 613 2296 hominem
704 2251 768 2295 1Αά
779 2249 878 2309 tempus]
894 2252 1015 2300 Triennio.
1026 2254 1132 2299 Zonaras
1141 2253 1186 2300 Nl-

87 2320 237 2378 iutcrseccrit,
252 2321 359 2380 quamuis
368 2320 442 2376 juste,
456 2323 564 2380 quamuis
579 2322 615 2366 ad
661 2323 765 2382 cophoro
780 2323 869 2370 Phoco.
901 2325 968 2383 (Lib.
985 2339 1042 2372 xvi.
1062 2341 1114 2387 cap.
1131 2342 1187 2377 xxv.

88 2396 126 2440 cai
146 2395 248 2452 ardea,
268 2395 376 2454 quamvis
396 2399 497 2450 condus,
518 2395 614 2454 aliquid
661 2398 780 2456 psg.203.
796 2397 906 2444 Tomis.
936 2398 985 2444 Ed.
996 2399 1071 2460 Ray.)

89 2469 152 2516 labis
161 2469 306 2516 mtrmiesc
316 2467 429 2526 creditw,
437 2473 537 2528 propter
546 2468 615 2515 illanc

90 2713 242 2786 slaughter,
260 2731 331 2770 eren
351 2716 468 2772 without
487 2717 569 2785 fault,
587 2719 643 2774 had
664 2721 737 2776 need
755 2721 790 2776 oi
808 2721 966 2793 expiation3
983 2719 1047 2776 how
1060 2737 1112 2776 can
1134 2738 1191 2794 any

89 2817 145 2855 oue
159 2800 211 2854 fail
225 2807 256 2855 to
276 2817 332 2863 see,
347 2802 497 2876 especially
516 2820 573 2875 any
594 2804 744 2871 Christian,
757 2806 833 2861 what
851 2823 888 2860 an
904 2806 1038 2878 nnhappy
1056 2806 1121 2860 and.
1133 2807 1191 2862 dis·

91 2890 200 2937 astrous
223 2885 312 2954 thing,
333 2887 389 2938 aud
410 2886 474 2941 how
495 2890 672 2961 strenuously
695 2897 726 2945 to
748 2892 786 2946 be
807 2892 976 2956 avoided,is
998 2907 1017 2946 a
1039 2907 1104 2955 war,
1119 2908 1191 2947 even

91 2967 173 3020 when
195 2974 246 3021 not
274 2970 387 3037 nujust?
437 2970 581 3042 Certainly
609 2990 712 3044 among
739 2974 790 3030 the
819 2977 927 3031 Greeks
955 2975 1018 3029 who
1046 2976 1191 3046 professed

93 3050 283 3123 Christianity,
304 3052 353 3107 the
371 3053 470 3109 Canon
486 3072 542 3110 was
558 3057 625 3128 long
647 3057 791 3124 observed,
808 3059 848 3131 by
860 3059 950 3114 which
966 3059 1046 3114 those
1058 3059 1120 3113 who
1133 3060 1192 3115 had

92 3134 181 3189 killed
195 3153 231 3190 an
246 3152 345 3209 enemy
363 3139 393 3192 in
405 3155 461 3210 any
475 3157 532 3194 war
545 3140 694 3207 whatever,
709 3159 781 3198 were
795 3144 841 3198 for
854 3161 872 3200 s
885 3147 955 3200 time
966 3144 1102 3202 excluded
1115 3143 1192 3200 irom

92 3220 291 3295 participation
304 3223 335 3276 in
348 3223 447 3278 sacred
461 3225 561 3280 offices.
