2834 4920
209 176 273 242 116
655 185 708 239 nn
729 184 867 239 rmurs.
1189 177 1261 252 [nm
1273 182 1315 238 11.

45 372 148 459 pauc
135 370 170 413 ιι
209 364 338 418 natura
352 350 454 417 evenit
470 359 507 414 ut
524 350 637 415 melior
652 349 794 434 equiori
809 349 952 434 imperet.
1004 346 1048 412 Et
1071 343 1254 412 Aristoteles
1270 345 1316 414 ait

211 449 368 516 deteriora
382 457 560 535 comparata
573 469 640 512 esse
653 446 685 511 in
702 468 791 512 usum
808 445 980 523 meliorum,
1002 444 1092 510 tam
1083 467 1115 510 ιιι
1132 444 1180 511 hie
1202 466 1273 531 qum
1293 467 1314 512 a

211 557 325 615 natura
339 557 420 627 sunt,
436 568 529 633 quam
546 567 616 631 qua
631 545 672 610 ab
688 554 766 610 arte.

287 649 308 711 2
343 646 401 711 Cui
422 665 610 730 consequens
633 651 689 720 est,
712 652 748 710 ut
769 642 879 708 saltem
901 641 943 709 ab
965 664 1054 729 aque
1075 651 1207 709 nocente
1223 665 1312 731 aque

214 767 328 812 nocens
344 744 448 831 puniri
464 764 526 808 non
543 743 673 809 debeat:
699 764 760 828 quo
776 740 893 808 Christi
905 741 1059 808 sententia
1075 741 1230 828 pertinet:
1252 744 1313 829 qui

214 854 352 910 veetrrim
373 845 442 908 eine
455 854 590 926 peccato
609 853 656 907 eet
672 840 740 925 (tali
757 839 884 924 scilicet)
901 843 1051 927 primm
1072 842 1216 926 lapidem
1237 845 1312 907 mit-

215 954 274 1018 tat,
292 944 315 1008 J
316 942 365 1006 oh.
380 940 443 1006 viii.
461 940 491 1008 7.
533 940 626 1018 Quod
637 939 708 1004 ideo
721 938 810 1018 dixit,
825 939 897 1025 quia
911 961 948 1004 eo
965 940 1076 1005 saeculo
1089 938 1312 1025 corruptissimi

213 1049 304 1106 erant
328 1039 512 1105 Judoeorum
537 1059 649 1114 mores,
674 1037 752 1104 adeo
775 1046 812 1103 ut
836 1036 890 1123 qui
911 1037 1094 1103 sanctissimi
1111 1037 1211 1102 videri
1227 1037 1311 1103 vole·

212 1140 297 1221 bant,
315 1138 348 1203 in
364 1136 524 1203 adulteriis
547 1144 580 1202 et
596 1136 744 1202 similibus
765 1136 890 1224 flagitiis
905 1136 1130 1213 volutarentur,
1152 1143 1188 1202 ut
1203 1135 1312 1202 ridere

212 1245 260 1304 est
284 1240 373 1302 Rom.
390 1236 421 1300 ii.
441 1238 494 1303 22.
543 1236 631 1301 Idem
654 1257 730 1323 ergo
750 1235 834 1321 quod
858 1235 1000 1300 Christus
1022 1235 1155 1311 dixerat,
1176 1234 1257 1300 dixit
1277 1243 1311 1301 et

210 1337 395 1423 Apostolus:
428 1348 626 1421 quapropter
652 1335 887 1400 inexcusabilis
915 1356 958 1410 ee,
986 1356 1004 1399 o
1029 1336 1131 1410 Ιιοιιιο,
1163 1335 1311 1420 quiaquia

211 1438 320 1501 alium
335 1439 498 1501 domnae:
520 1458 599 1500 uam
615 1437 674 1500 boc
690 1436 761 1520 ipeo
776 1435 862 1518 quod
877 1435 1018 1498 dammae
1034 1433 1183 1508 alterum,
1210 1444 1241 1498 te
1260 1434 1310 1519 ip-

210 1558 283 1600 eam
296 1537 497 1610 condemnas,
513 1537 644 1620 quando
659 1535 771 1599 eadem
777 1533 874 1618 sacis
887 1544 923 1597 tu
935 1534 994 1617 qui
1005 1532 1148 1597 alterum
1159 1534 1309 1597 domnae.

211 1634 293 1698 lllud
320 1634 445 1698 Seneca:
471 1634 531 1698 huo
553 1632 708 1719 pertinet:
734 1642 928 1717 :conpetat
953 1631 1055 1694 ullam
1079 1632 1311 1697 auctoritatem

210 1734 328 1798 babere
344 1736 511 1808 scatentia,
533 1734 591 1796 ubi
607 1733 665 1816 qui
680 1732 889 1796 damnandum
909 1741 955 1795 eet
976 1731 1122 1794 damnat.
1165 1730 1209 1794 Et
1226 1727 1309 1805 alibi,

210 1834 330 1914 ⁴faciet
353 1854 411 1896 nos
431 1833 661 1896 moderatiores
683 1841 843 1914 respectus
865 1831 978 1902 uestri,
1005 1830 1036 1893 ei
1058 1829 1311 1894 certeuluerimue

210 1953 277 2005 noe,
296 1932 474 2015 g:rumpitid
490 1942 520 1994 et
536 1931 603 2016 ipsi
619 1929 750 2011 aliquid
766 1928 830 1992 tale
847 1927 1093 1992 commisimus?
1128 1925 1311 1991 Ambrosius

46 2036 151 2080 Uistl-
210 2029 354 2116 apologia
370 2027 519 2094 Doridis:
536 2028 760 2113 unumquisque
777 2027 817 2092 de
829 2027 898 2091 alio
906 2026 1123 2108 judicaturae
1138 2027 1178 2090 de
1192 2046 1225 2091 ee
1238 2027 1310 2110 iprae

204 2130 352 2213 primm
367 2127 505 2210 judicet,
529 2148 589 2192 aec
604 2128 735 2190 minora
751 2126 788 2190 ia
810 2125 880 2190 alio
899 2136 1013 2190 errata
1030 2126 1213 2190 condemnet
1237 2145 1311 2189 cum

209 2228 279 2312 ipu
294 2228 454 2312 praviora
469 2226 674 2291 commiserit.

287 2327 344 2394 IV.
390 2328 409 2389 1
444 2324 554 2389 Altera
568 2321 698 2410 quaestio
714 2329 763 2389 est
778 2322 818 2388 de
834 2321 895 2387 fine
911 2320 1010 2408 poenis
1025 2320 1192 2408 proposito.
1226 2322 1310 2386 Nam

210 2446 280 2510 quse
297 2423 429 2489 diximus
446 2423 596 2489 hactenus
611 2422 644 2487 id
661 2422 815 2488 duntaxat
835 2421 1011 2497 ostendunt,
1034 2420 1216 2486 nocentibus
1231 2419 1310 2506 inju-

210 2523 288 2588 riam
312 2545 375 2587 non
392 2521 503 2588 tierisi
524 2520 703 2608 puniantur.
754 2518 834 2585 Inde
848 2541 924 2586 vero
946 2540 1009 2584 non
1025 2518 1164 2605 sequitur
1186 2519 1310 2584 omniuo

253 2695 265 2723 ⁴
279 2695 420 2741 Praecedens
439 2693 507 2739 loeus
527 2692 625 2738 ubinam
648 2694 736 2749 exstet,
784 2692 843 2752 pert,
857 2691 962 2752 priorem
976 2689 1056 2737 locum
1071 2704 1120 2737 uon
1135 2705 1187 2738 esse
1199 2691 1309 2737 Philoso-

210 2769 315 2815 divinare
331 2782 440 2828 nequeo:
462 2766 558 2813 Auctor
574 2767 637 2813 enim
657 2779 735 2826 neque
784 2766 834 2826 phi,
850 2767 892 2812 sed
906 2766 970 2811 illius
984 2766 1026 2825 qui
1041 2767 1156 2813 mentitus
1171 2772 1208 2813 est
1223 2781 1309 2813 nomen

209 2842 269 2897 heic,
280 2841 389 2901 usquein
397 2840 638 2886 Adnotationibnsud
646 2840 735 2888 Joaun.
785 2841 889 2898 Senem
903 2840 928 2886 tn
941 2840 1003 2886 libro
1016 2840 1056 2886 De
1065 2842 1184 2889 Remediir
1191 2842 1310 2902 fortuito·

209 2918 257 2963 viii.
269 2920 291 2964 7.
309 2916 350 2962 uhi
362 2916 450 2961 similes
462 2915 589 2974 congessit,
605 2914 680 2960 ullum
697 2915 735 2960 in·
784 2928 844 2971 rum,
854 2913 1241 2976 undeExeerptusanectaetium
1251 2917 1309 2962 Edi-

210 2994 298 3039 dioium
325 2992 374 3048 dat,
402 2991 465 3037 unde
489 2990 628 3050 investigari
653 2994 733 3050 queat.
784 2989 889 3035 tionibus
903 2988 978 3049 Lipsii
993 2993 1019 3035 et
1034 2989 1164 3048 Grenorii3
1184 2991 1224 3037 ubi
1238 2991 1310 3038 facile

210 3067 257 3113 Ilio
267 3073 347 3114 summ
357 3068 447 3127 legitur
460 3065 499 3111 De
509 3065 562 3121 Ira,
577 3065 735 3124 Lib.11.cap.
780 3063 832 3123 iam
842 3067 880 3110 est
895 3063 1001 3109 invenire
1016 3063 1066 3109 haro
1079 3065 1158 3123 verba,
1173 3079 1248 3125 quum
1258 3066 1310 3111 Ex·

208 3145 247 3190 28.
277 3142 326 3190 Sed
342 3141 508 3203 postprimam
517 3140 654 3187 Editiouem
670 3153 736 3185 corn·
785 3137 958 3200 cerptsbrevia
966 3137 1022 3184 sint.
1052 3137 1122 3186 J.B.

264 3389 281 3436 2
303 3384 330 3437 11
344 3383 461 3447 follows,
473 3401 504 3438 as
518 3402 536 3440 a
550 3402 742 3455 consequence
753 3385 788 3439 of
801 3385 864 3449 this,
876 3384 939 3439 that
953 3383 1003 3439 the
1017 3383 1144 3438 offender
1157 3381 1246 3452 ought
1258 3390 1310 3439 not

210 3472 240 3520 to
253 3467 290 3521 be
302 3467 439 3538 punished
453 3469 492 3539 by
506 3485 560 3524 one
578 3470 640 3524 who
658 3470 709 3524 has
724 3469 855 3524 offended
866 3468 986 3540 equally,
1003 3484 1035 3522 es
1049 3467 1143 3521 Christ
1160 3467 1228 3528 said,
1239 3468 1306 3522 Joh.

210 3552 266 3606 viii.
282 3556 306 3615 7,
323 3552 367 3605 He
381 3553 472 3606 thoti:
486 3555 597 3608 without
609 3555 652 3607 ein
666 3571 766 3624 amone
776 3572 832 3624 you
843 3552 919 3619 (that
933 3554 965 3617 is,
977 3549 1046 3606 such
1059 3549 1116 3617 sin)
1132 3551 1165 3604 let
1184 3551 1240 3602 tim
1251 3561 1308 3604 caet

211 3638 251 3691 the
265 3638 330 3708 first
349 3646 428 3691 etone
467 3637 531 3691 And
552 3638 608 3693 this
632 3639 669 3693 he
690 3639 760 3704 said,
782 3638 831 3693 the
848 3639 922 3693 Jews
940 3636 1025 3708 being
1042 3651 1110 3706 very
1127 3633 1232 3688 wiched
1250 3636 1308 3691 und

210 3721 372 3776 adultorous
394 3729 425 3777 ut
442 3722 505 3778 that
521 3724 599 3789 time,
615 3724 698 3779 Rom.
713 3724 741 3777 11.
759 3730 812 3788 22;
833 3723 926 3778 where
944 3722 993 3776 the
1010 3721 1127 3793 Apostle
1148 3737 1211 3793 says
1232 3721 1309 3778 what

211 3806 305 3860 Christ
313 3808 370 3862 had
379 3808 446 3864 said.
482 3808 590 3865 Seneca
600 3826 663 3882 says
677 3807 726 3864 tho
740 3826 817 3864 same
825 3828 833 3875 ;
848 3809 904 3864 und
919 3808 1065 3873 Ambrose,
1076 3807 1106 3860 in
1124 3805 1173 3861 the
1187 3808 1309 3880 apology

210 3891 244 3947 of
258 3891 358 3946 David.

263 3977 313 4032 IV.
351 3984 365 4032 1
387 3977 517 4033 Another
527 3980 657 4050 question
673 3981 696 4034 is
709 3980 742 4034 of
752 3978 802 4035 the
816 3979 880 4033 End
895 3979 928 4034 of
940 3978 1129 4051 punishment.
1163 3978 1220 4032 For
1233 3977 1309 4033 what

209 4061 346 4117 hasbeen
365 4063 425 4117 said
441 4063 565 4119 hitherto
581 4064 647 4136 only
661 4082 761 4136 proves
781 4065 844 4119 that
859 4072 1057 4136 transgressore
1072 4064 1143 4118 haro
1160 4080 1198 4117 no
1213 4079 1309 4134 wrong

210 4147 283 4201 done
298 4146 376 4202 them
391 4148 417 4202 if
426 4149 494 4220 they
508 4166 556 4204 are
569 4149 715 4220 punished.
754 4152 811 4205 But
822 4151 895 4205 from
914 4152 984 4215 that,
998 4151 1021 4204 it
1035 4150 1103 4204 does
1116 4156 1168 4203 not
1181 4165 1308 4203 neceesa-

209 4234 264 4303 rin
275 4233 368 4288 follow
379 4233 442 4288 thet
454 4236 521 4306 they
533 4242 607 4289 must
617 4236 652 4290 be
661 4236 820 4307 punished.·
845 4238 906 4290 Nor
917 4237 940 4290 is
952 4237 976 4290 it
989 4252 1153 4305 necessary;
1168 4234 1212 4287 for
1224 4250 1309 4304 many

210 4318 348 4375 offenders
360 4337 409 4377 are
422 4321 567 4393 perdoned
577 4320 621 4375 for
636 4338 720 4393 many
732 4321 825 4393 things
838 4321 908 4377 both
920 4321 958 4394 by
973 4320 1037 4377 God
1049 4321 1105 4375 und
1117 4320 1156 4392 by
1167 4335 1241 4383 men,
1252 4318 1309 4372 eud
