2834 4920
215 176 280 240 322
663 184 715 237 DE
737 184 875 238 POENIS.
1192 183 1264 252 [Lm.
1278 188 1316 242 11.

215 344 291 409 satis
307 343 442 410 ostendit
464 342 662 409 traditionem
679 365 700 408 a
716 342 825 430 primis
840 342 1014 409 hominibus
1027 343 1070 409 ad
1086 365 1143 409 nos
1160 366 1317 436 propaga·

217 454 291 520 tam,
313 466 350 508 ac
376 465 533 528 nunquam
553 441 650 508 solide
671 442 848 521 refutatam,
871 443 955 529 quod
977 443 1027 509 vel
1046 443 1144 509 solum
1162 446 1204 511 ad
1222 447 1315 513 fidem

216 542 390 608 faciendam
407 544 483 608 satis
500 550 557 609 est.

292 645 313 707 4
349 641 517 728 conjunxit
542 664 580 707 ea
606 664 675 729 qum
700 650 872 708 memorata
896 641 984 707 nobis
1004 639 1072 729 jam
1096 652 1169 708 sunt
1189 643 1228 709 de
1246 646 1316 711 Deo

51 753 188 842 gataur
216 740 299 807 Dion
329 741 528 820 Prusmensis,
552 764 621 807 cnm
646 740 727 807 dixit
751 735 933 830 ὑπόληψιν,
950 741 984 806 id
1006 748 1063 818 est,
1084 742 1316 827 persuasionem

217 841 257 906 de
274 844 352 917 Deo,
370 839 462 905 aliam
478 862 547 906 esse
563 840 651 906 nobis
667 849 842 927 cognatam,
864 863 905 905 ex
921 839 1114 927 argumentis
1130 840 1246 907 scilicet
1263 863 1316 928 pe-

217 940 317 1017 titam,
334 937 460 1004 aliam
445 939 625 1020 επίκπηπον
644 939 825 1025 acquisitam
842 961 882 1004 ex
899 938 1077 1006 traditione.
1129 939 1318 1006 Plutarchus

52 1052 183 1146 lpffler·
218 1038 349 1104 eandem
383 1048 473 1105 vocat
506 1036 652 1107 παλαιόν
685 1039 814 1117 uriom,
848 1031 884 1119 ἧς
917 1033 974 1106 οὔκ
1000 1067 1095 1107 εστιν
1120 1044 1226 1108 εἰπεῖν
1250 1033 1314 1108 ott

218 1134 365 1229 ανευρεῖν
397 1166 571 1230 τεκμηριον
604 1132 910 1227 ἑνοργὲστερον,ιι
894 1128 991 1229 όόραν
1023 1136 1076 1204 καὶ
1109 1132 1213 1222 βόσιν
1238 1134 1317 1231 ὑφι-

218 1241 355 1306 στῶσαν
387 1234 490 1317 κοινὴν
523 1232 606 1329 πρός
640 1232 827 1322 εὐσέβειαν·
863 1239 1037 1322 antiquam
1058 1258 1315 1321 permotum,

218 1359 286 1423 quo
310 1337 442 1402 nullom
468 1338 583 1402 haberi
605 1338 712 1421 possit
738 1348 799 1401 out
825 1337 895 1400 dici
925 1348 1151 1419 aryemeatum
1184 1339 1313 1413 cer-tices,

207 1438 506 1520 fundamentum
490 1459 530 1500 ιιι
565 1458 726 1502 commune
753 1436 879 1555 pietati
904 1436 1060 1519 peritum.
1112 1433 1315 1503 Aristoteles:

54 1554 152 1602 ιιιοοιι,
161 1556 176 1596 ι.
183 1557 202 1597 a
218 1531 338 1608 πάντες
361 1529 524 1626 ἄνθρωποι
547 1562 624 1626 περι
616 1527 772 1602 Ηθεῶν
756 1562 889 1627 εχουσιν
913 1527 1094 1623 ὑπόληψιν.
1141 1534 1230 1600 idem
1246 1555 1316 1600 sen·

52 1650 179 1735 mm
216 1656 269 1702 sus
293 1634 377 1719 apud
394 1634 556 1699 Platonem
573 1637 611 1699 de
627 1634 771 1718 Lepidus
785 1632 913 1699 decimo.

292 1733 409 1799 XLVI.
462 1734 481 1797 l
519 1733 625 1809 Quare
650 1752 712 1795 non
737 1739 851 1796 vacant
875 1729 966 1818 culpa
991 1730 1054 1817 qni,
1081 1729 1201 1797 etiamsi
1220 1732 1315 1798 hebe-

215 1829 304 1898 tioris
320 1831 416 1896 sint'
407 1829 523 1918 ingenii
544 1852 636 1917 quam
658 1837 695 1894 ιιι
715 1837 802 1894 certa
823 1828 864 1894 ad
886 1829 954 1894 illas
971 1829 1113 1896 notiones
1128 1839 1315 1919 argumenta

213 1939 271 1996 aut
286 1929 426 2015 reperire
447 1929 574 2017 possint,
597 1935 652 1994 aut
671 1928 943 2014 comprehendere,
967 1950 1020 1995 eas
1042 1929 1218 2016 repudiant,
1244 1952 1315 1996 cum

215 2037 248 2094 et
264 2027 306 2093 ad
321 2028 485 2093 honestum
510 2026 572 2093 sint
597 2027 698 2104 duces,
717 2035 750 2093 et
773 2026 898 2093 diversa
923 2028 1077 2095 sententia
1103 2029 1195 2095 nullis
1218 2051 1314 2117 argu·

214 2126 326 2192 mentis
342 2127 470 2193 nitatur.
495 2127 558 2192 Sed
575 2125 704 2213 quiade
720 2126 818 2213 poenis
835 2134 868 2192 et
884 2126 1008 2214 quidem
1024 2127 1166 2193 humanis
1182 2127 1313 2217 agimus,

214 2224 378 2291 discrimen
403 2225 453 2292 hic
478 2225 688 2292 adhibendum
713 2235 761 2290 est
786 2224 869 2291 inter
896 2225 1036 2293 notiones
1060 2226 1153 2314 ipsas,
1177 2237 1211 2293 et
1231 2227 1314 2293 inter

214 2325 340 2390 modum
364 2327 405 2391 ab
429 2325 467 2390 iis
491 2325 677 2391 discedendi.
720 2325 784 2390 Hae
804 2324 953 2402 notiones,
975 2348 1089 2391 numen
1105 2325 1231 2413 aliquod
1246 2348 1314 2393 esse

215 2425 322 2508 (unum
339 2446 380 2490 an
396 2424 486 2511 plura
500 2425 628 2511 sepono)
646 2431 679 2489 et
695 2422 798 2489 curari
814 2424 855 2490 ab
872 2446 909 2489 eo
926 2446 977 2489 res
992 2424 1160 2501 hominum,
1178 2425 1314 2490 maxime

213 2532 286 2589 sunt
308 2523 505 2600 universales,
530 2532 562 2589 et
584 2523 625 2588 ad
651 2522 843 2610 religionem,
869 2522 935 2588 sive
957 2544 1074 2599 veram,
1101 2524 1166 2590 sire
1190 2524 1311 2600 falsam,

95 2663 101 2676 ·
212 2622 458 2688 constituendam
486 2621 609 2686 omnino
640 2621 839 2685 necessaria:
871 2617 933 2689 τόν
965 2619 1238 2714 προσερχόμενον
1261 2627 1311 2711 τῷ

215 2725 300 2810 Θεῷ,
319 2721 364 2805 (id
391 2729 448 2796 est,
474 2723 532 2807 qui
554 2722 741 2805 reliqiomm
764 2720 905 2785 habeat:
930 2741 1003 2785 nam
1025 2720 1134 2808 religio
1161 2720 1313 2788 Hebraeis

212 2842 351 2885 accessus
368 2820 410 2885 ad
428 2822 528 2884 Deum
546 2820 687 2903 vocatur)
705 2820 884 2887 πιστεῦσαι
910 2810 959 2887 dei
981 2815 1035 2886 ότι
1060 2816 1148 2895 ἐστὶ,
1166 2820 1219 2887 καὶ
1238 2823 1312 2891 τοῖς

211 2916 403 3012 ἐκζητοῦσιν
421 2915 521 2987 αὐτόν
537 2909 782 3000 μισθαποδότης
799 2920 946 3008 γίνεται·
972 2942 1043 2985 eum
1066 2922 1193 2986 credere
1218 2943 1311 3006 opor·

213 3032 255 3085 tet
272 3031 300 3084 et
317 3043 381 3086 ecee
397 3021 513 3095 Deum,
532 3031 561 3084 et
579 3019 621 3082 ab
639 3041 673 3083 eo
684 3020 828 3103 proemio
845 3021 925 3084 duri
941 3041 974 3085 ae
991 3020 1172 3085 colentibus.

209 3308 289 3375 great
303 3320 321 3356 a
332 3304 439 3372 variety
462 3303 495 3356 of
509 3302 592 3356 other
609 3302 675 3356 lans
694 3302 751 3356 and
772 3301 855 3357 other
874 3303 1012 3374 opinions,
1032 3301 1120 3357 shews
1141 3304 1309 3376 sufficiently

209 3406 228 3442 a
241 3389 375 3442 tradition
390 3389 562 3459 propagated
577 3387 649 3441 from
665 3387 714 3441 the
734 3388 795 3441 first
816 3404 880 3442 racc
898 3389 931 3442 ol
951 3405 1016 3441 men
1034 3398 1064 3441 to
1082 3405 1123 3451 us,
1145 3389 1201 3442 and
1223 3406 1310 3445 never

210 3473 310 3544 solidly
325 3473 457 3537 refuted;
475 3472 565 3526 which
580 3472 614 3525 of
622 3473 700 3526 itsolf
712 3474 735 3526 is
747 3473 884 3526 sufficient
899 3479 929 3527 ιο
944 3471 1068 3544 produce
1079 3473 1173 3528 belief.

268 3565 284 3611 4
320 3559 381 3612 The
409 3559 502 3628 points
527 3557 617 3611 which
647 3575 687 3611 we
716 3558 784 3612 here
817 3559 943 3613 mention
969 3559 1139 3628 concerning
1169 3561 1232 3614 God
1259 3578 1309 3617 are

209 3643 332 3713 brought
349 3643 479 3713 together
491 3643 528 3713 by
539 3644 594 3696 Dio
604 3644 782 3705 Prusteensis,
790 3642 871 3697 when
881 3642 919 3698 he
930 3661 992 3713 says
1000 3641 1063 3696 that
1074 3659 1127 3697 our
1139 3648 1308 3716 conception

209 3730 242 3784 el
256 3729 319 3782 God
334 3730 357 3783 is
372 3728 465 3800 partly
479 3729 609 3791 internal,
624 3729 717 3798 partly
732 3729 863 3798 acquired
882 3729 921 3800 by
935 3728 1077 3783 tradition.
1119 3729 1157 3783 So
1170 3731 1308 3788 Plutarch

208 3815 308 3886 speaks
331 3815 363 3868 of
383 3815 423 3867 the
445 3815 549 3868 elicient
564 3815 650 3887 seith,
664 3814 730 3867 thais
747 3814 831 3867 which
852 3833 886 3868 ιιο
905 3833 979 3869 more
997 3815 1098 3868 eciderit
1115 3819 1203 3890 proos
1211 3836 1264 3872 cao
1279 3821 1308 3874 be

200 3903 303 3973 soum,
322 3902 363 3954 the
381 3917 502 3954 commea
512 3901 681 3974 foundation
702 3901 759 3954 aad
772 3900 842 3954 hesic
860 3904 895 3974 of
905 3903 987 3972 piety.
1035 3901 1073 3955 So
1097 3902 1230 3959 Aristotle
1248 3906 1307 3960 and

207 3989 299 4044 Plato.

265 4074 369 4127 XLVI.
406 4079 420 4126 1
457 4071 623 4127 Wherefore
647 4072 714 4144 they
740 4090 788 4128 are
815 4078 865 4128 not
893 4072 1041 4128 blameless
1068 4073 1138 4140 who,
1167 4074 1306 4148 although

207 4159 275 4231 they
289 4176 338 4214 aro
352 4165 400 4213 too
412 4159 471 4213 dull
491 4158 583 4213 either
601 4165 630 4213 to
653 4159 778 4214 discover
790 4177 822 4214 or
833 4166 863 4214 to
879 4159 1051 4215 understand
1070 4159 1119 4214 the
1134 4162 1205 4215 solid
1221 4179 1306 4233 argu-

206 4252 298 4323 ments
322 4245 368 4300 for
381 4244 461 4300 these
476 4245 569 4317 points
589 4245 622 4299 of
640 4245 734 4311 belief,
749 4249 836 4316 reject
852 4246 949 4310 them;
971 4247 1046 4300 since
1064 4246 1144 4301 thore
1161 4249 1240 4310 exist,
1259 4250 1306 4303 t'or

199 4318 294 4397 thom,
317 4332 415 4403 guidae
438 4338 469 4388 to
488 4330 538 4387 the
563 4331 640 4404 right
659 4349 727 4404 way,
751 4332 807 4388 and
830 4332 879 4388 the
900 4333 1028 4404 opposite
1051 4333 1166 4407 opinion
1192 4333 1242 4388 has
1266 4351 1304 4388 no
