2834 4920
125 263 193 319 (iar.
208 257 304 332 xxi]
337 262 390 317 DE
412 258 617 315 POENARUll
640 256 1005 314 comitusucaiiouu.
1161 246 1226 309 dii

127 429 208 492 tium
227 424 375 511 pulsant.
431 424 570 508 Cumque
599 424 782 488 Laurentes
799 423 876 508 jure
904 422 1049 509 pontium
1083 433 1225 506 aqoreut,

126 527 218 610 opud
257 525 394 588 Tatium
424 524 541 607 qratia
573 543 706 587 ecorum
735 534 766 588 et
793 545 906 607 proces
928 524 1009 607 plue
1034 532 1224 635 potuerunt.

125 625 235 708 Iqitur
259 623 392 687 iliorum
410 643 544 706 pureum
568 622 606 685 in
630 642 664 687 ee
688 623 793 686 vertit.
846 621 918 685 Huc
943 620 1068 708 proprie
1089 619 1226 706 pertinet

124 721 202 786 illud
219 719 356 788 Saluiani
373 719 412 785 de
429 718 574 807 regibus:
602 722 778 785 mPotectoe
800 743 923 805 moqna
944 732 974 785 et
984 720 1222 804 potentiae-ima,
1215 740 1387 825 rffiqffl‘·

126 844 198 907 quoe
209 821 382 905 prohibere
401 820 503 885 scelus
524 821 704 884 maximum
720 831 837 904 potest,
857 842 953 902 quaes
946 820 1094 904 probat
1113 819 1225 882 debere

120 921 245 1004 ficri
214 942 244 984 ec
261 920 365 984 sciens
375 920 509 1034 pqtitur
518 919 717 1002 perpetrari.
762 917 806 983 Et
822 917 907 1004 apud
924 916 1140 1034 Thucydidem
1157 924 1224 981 est:

127 1010 329 1093 ddurduevos
347 1020 482 1091 παῦσαι,
501 1007 762 1107 ἀληθέστερονδ
761 1020 815 1108 pq·
840 1018 948 1101 maqa'e
972 1017 1030 1081 ilie
1042 1016 1146 1100 jacit,
1167 1015 1225 1097 qui
1237 1027 1344 1068 Isim

122 1129 230 1230 poteqt
247 1117 428 1202 prohibere.
472 1113 524 1179 Sic
548 1114 632 1200 apud
659 1114 780 1180 Livium
801 1114 949 1181 Veientes
975 1123 1008 1179 et
1032 1112 1137 1179 Latini
1160 1113 1306 1177 lto-nur.
1314 1138 1345 1174 m.

129 1215 228 1280 manis
250 1236 284 1280 se
305 1221 465 1291 excusant,
488 1211 571 1298 quod
592 1214 698 1279 hostes
722 1234 829 1278 eorum
850 1235 870 1278 a
891 1212 1023 1279 subditis
1044 1212 1107 1278 suis
1127 1210 1226 1297 adjuti
1238 1181 1283 1221 ω’
1293 1182 1359 1222 ἰη

129 1323 241 1390 essent,
260 1335 294 1378 se
308 1312 418 1380 insciis.
472 1312 589 1379 Contra
606 1311 716 1377 Tantos
738 1312 856 1399 reginos
875 1311 1054 1400 lllyriorum
1070 1332 1133 1376 non
1149 1309 1226 1375 acci·
1239 1335 1369 1385 minua

130 1412 214 1499 pitur
228 1411 393 1488 excusatio,
411 1409 494 1497 quod
510 1409 629 1476 diceret
644 1432 707 1475 non
724 1432 802 1488 ase,
813 1410 869 1476 sed
885 1409 1049 1477 asubditis
1065 1409 1227 1496 piraticam

130 1509 288 1576 exerceri:
312 1509 509 1596 nequeenim
526 1508 718 1595 prohibebat.
770 1508 875 1577 ”Olim
890 1509 930 1575 ab
947 1507 1228 1596 Amphictyonibus

129 1608 269 1674 damnati
299 1607 411 1696 Scyrii,
441 1607 525 1694 quod
553 1629 679 1674 suorum
711 1609 858 1693 quosdam
887 1607 1050 1696 piraticam
1081 1628 1228 1673 exercere

130 1708 336 1794 patiebantur.

203 1810 223 1872 6
256 1804 336 1870 Sciri
357 1811 461 1872 autem
483 1803 574 1871 facile
596 1815 645 1872 est
666 1814 702 1872 ut
724 1815 952 1893 praesumantur
971 1828 1042 1893 quae
1064 1805 1229 1892 conspicua

129 1980 277 2042 σι’σχιισιον
244 1979 462 2041 ὥνσνινιτολμημέ
464 1979 570 2036 minum
570 1981 655 2027 ὥσοῦ-
703 1982 775 2028 etiam
790 1981 906 2042 probasse
922 1981 986 2042 qaod
1003 1981 1128 2041 uqehotur.
1162 1979 1228 2026 Dion

129 2073 160 2103 το
176 2060 218 2103 και
235 2057 401 2117 ἀποδέχομαι.
416 2053 477 2102 ἀλλ’
488 2054 537 2100 ott'
548 2054 656 2114 ἐπέσχον
705 2056 798 2103 Galba:
813 2061 868 2103 roi:
880 2056 925 2117 pir
938 2057 990 2116 γάρ
1005 2055 1115 2102 Ιδιιότιιιι
1126 2054 1228 2115 ἀπόχρη

128 2132 164 2178 ‘ru'
176 2131 306 2192 γινόμενα·
321 2132 400 2177 τοῦτο
411 2129 566 2189 κατηγορίαι
575 2128 656 2189 ἄξιον·
703 2132 779 2190 μηδὲν
786 2131 888 2178 ἀδικεῖν.
900 2136 955 2177 τοῖο
965 2131 990 2177 ti
1000 2130 1030 2185 dri
1040 2129 1087 2176 τιὶι
1095 2128 1229 2188 ἡγεμονίαι

129 2207 298 2266 otiocipmm,
308 2205 656 2266 inquit,serpoenus,etultima
704 2203 807 2264 ἔχουσιν
828 2204 927 2264 ἀνάγκη
950 2209 1069 2262 προνοεῖν
1088 2204 1156 2251 ὅπως
1173 2205 1229 2263 μηδ’

130 2281 168 2326 lue
186 2280 306 2339 supplicia
321 2281 385 2339 qnod
401 2292 448 2324 non
466 2278 575 2338 adfuisti,
593 2278 658 2339 quod
704 2277 783 2325 illoc
797 2281 934 2340 κακουργῇ·
952 2279 1063 2325 Privati:
1079 2281 1167 2342 mfficit
1183 2294 1230 2325 non

130 2368 177 2399 non
191 2353 346 2413 prohibuisti,
365 2353 429 2415 quod
451 2353 592 2400 insanientes
610 2367 656 2399 non
704 2353 850 2415 delinquere:
867 2356 893 2401 in
902 2356 1002 2415 imperio
1011 2344 1133 2415 uqentiius
1141 2356 1229 2402 incursa

131 2427 256 2484 retinuuti,
267 2427 331 2488 quod
336 2427 446 2487 periqu
455 2440 501 2471 non
509 2426 603 2472 miiieti
607 2439 656 2486 pro
704 2427 817 2476 bitettoe
823 2443 909 2476 curare
914 2443 942 2475 ne
949 2429 1071 2489 delinquat
1077 2429 1149 2486 atine,
1159 2429 1228 2490 (pag.

132 2503 219 2548 honore
227 2502 391 2563 Imperatorio.
421 2500 549 2560 Particepe
557 2499 655 2561 nonjis-
705 2502 749 2550 199
764 2515 790 2548 a.
821 2501 872 2550 Ed.
887 2502 922 2549 H.
938 2501 1031 2561 Stept.)
1062 2502 1092 2547 ln
1107 2515 1128 2548 c.
1145 2506 1168 2549 4.
1184 2504 1229 2563 Sy.

131 2575 334 2636 ietisacinorami
363 2574 450 2622 Laudo
459 2574 511 2632 hoo,
520 2579 542 2621 et
551 2573 606 2622 doni
615 2589 656 2623 ue-
705 2577 762 2623 nodi
772 2576 887 2624 Pistensis
897 2577 981 2637 posita
991 2575 1054 2622 inter
1063 2576 1170 2636 capitula
1181 2578 1229 2624 Ca-

130 2651 207 2710 cipio:
226 2651 269 2697 sed
284 2665 326 2697 neo
342 2649 497 2711 quoeflebunt
512 2648 656 2709 impediirtip
704 2651 750 2697 roli
766 2651 834 2699 Calvi
850 2652 977 2698 habemur:
1001 2650 1061 2696 Non
1080 2655 1114 2697 eet
1133 2651 1194 2697 liter
1212 2666 1230 2698 a

130 2725 295 2783 hocoerojam
304 2726 400 2786 dippum
408 2724 530 2772 domuum.
704 2737 814 2772 consensa
823 2724 935 2786 quiquod
942 2725 1063 2771 emendare
1067 2730 1146 2785 potert
1155 2740 1230 2772 emen·

98 2820 99 2823 ¹
174 2809 193 2835 ¹²
211 2802 321 2847 Potestne
340 2814 427 2861 meque
447 2804 469 2845 et
484 2798 655 2859 potentissimo,
704 2802 765 2848 dore
784 2800 898 2860 neqliqit:
925 2805 1070 2860 quopropter
1089 2801 1139 2846 sine
1158 2800 1230 2847 dudio

130 2889 182 2934 quo
193 2876 321 2935 prohibere
335 2875 410 2920 scelus
426 2873 553 2919 maximum
564 2871 655 2933 poteet]
701 2872 794 2933 peccati
802 2885 827 2917 re
834 2871 976 2931 participem
983 2871 1057 2930 flacit.
1083 2870 1146 2917 Vide
1157 2872 1229 2918 Nios-

130 2950 201 2996 Philo
217 2951 242 2994 in
252 2949 372 3005 Flaccum,
387 2948 455 3008 (pag.
464 2948 510 2995 970
526 2948 563 3007 ιι.)
577 2947 591 2994 i
604 2947 656 3009 γάρ
704 2951 754 2993 hm
768 2946 910 2992 choniatem
926 2945 987 2991 libro
998 2957 1027 2992 ιι.
1043 2945 1073 2992 de
1085 2945 1228 2996 Andronico.

130 3025 302 3080 ἐπιπλήττειν
312 3023 327 3079 ri
336 3025 368 3070 τὸ
379 3026 543 3070 πανύστατον
553 3024 656 3085 inipso
702 3022 777 3083 (Cap.
786 3020 824 3082 3.)

130 3099 162 3146 du
178 3099 292 3158 turnicii,
308 3101 329 3144 ei
345 3097 523 3158 petaeredium,
538 3098 611 3152 δῆλον
626 3098 655 3154 ἦν
750 3106 763 3132 ¹
780 3099 844 3144 Olim
856 3097 887 3143 ab
898 3095 1107 3156 Amphictyonum
1121 3095 1231 3144 damnati

131 3174 211 3234 ἕφιιὶι
222 3175 264 3221 καὶ
279 3173 426 3232 impitus
442 3173 526 3220 αι’ντόι·
541 3188 597 3221 nam
613 3175 657 3235 qui
705 3171 798 3234 Scyrii]
814 3172 959 3220 Plutarchus
977 3170 1080 3230 amone,
1102 3170 1170 3234 (pag.
1183 3174 1230 3221 483

131 3251 257 3310 castiqure,
271 3253 333 3296 certe
347 3248 451 3294 indidere
462 3248 559 3307 potuit:
573 3250 597 3295 ei
609 3264 656 3295 non
703 3247 740 3308 ιι.)

131 3325 246 3385 impediit,
270 3323 389 3371 hubmdue
407 3327 442 3369 ιιι
458 3323 595 3382 pcrmieiue
613 3328 656 3371 aut

131 3560 237 3616 Tatius.
291 3560 330 3615 So
355 3560 468 3615 Salvium
489 3560 589 3632 speaks
615 3561 649 3616 oi
667 3561 756 3632 hings.
803 3559 869 3614 And
891 3559 1068 3631 Thucydides
1091 3575 1162 3632 says,
1184 3558 1229 3616 He

129 3648 187 3701 who
206 3647 286 3702 could
296 3647 442 3718 praecutit
456 3648 515 3701 does
532 3647 563 3702 it.
601 3646 640 3701 So
654 3647 684 3701 in
698 3647 777 3718 Livy,
790 3645 840 3701 the
854 3647 987 3702 Veientes
1005 3645 1062 3700 and
1079 3646 1230 3702 Rutulians

130 3749 230 3788 excuse
243 3732 410 3788 themselves
424 3740 455 3786 to
470 3732 520 3787 thc
534 3734 668 3797 Romans,
686 3735 716 3786 in
735 3731 799 3787 that
816 3730 892 3786 their
906 3733 1027 3803 subjecte
1041 3731 1099 3786 had
1112 3732 1230 3788 assisted

130 3816 180 3870 the
192 3818 314 3872 enemies
328 3818 361 3872 oi
379 3819 428 3873 the
442 3819 576 3883 Romans,
588 3817 657 3890 they
674 3817 776 3888 haring
798 3833 836 3873 no
854 3818 1017 3889 knowledge
1038 3818 1072 3873 of
1089 3819 1139 3873 the
1159 3818 1227 3875 fact.

131 3900 196 3953 And
210 3917 248 3954 on
265 3900 314 3956 the
326 3903 408 3957 other
421 3904 505 3968 hand,
519 3904 568 3959 the
583 3920 686 3959 excuse
703 3903 738 3958 of
750 3903 849 3967 Teuta
870 3903 920 3959 the
937 3920 1030 3976 queen
1047 3904 1080 3959 oi
1095 3903 1144 3958 the
1161 3903 1230 3975 illy-

132 3984 215 4048 riam,
228 3986 252 4040 is
266 3992 317 4040 not
330 3989 473 4059 accepted,
485 3989 566 4044 when
581 3988 632 4045 she
646 3989 707 4043 said
723 3987 786 4043 that
800 3988 897 4061 piracy
910 4006 965 4045 was
980 3996 1030 4045 not
1041 3988 1180 4061 practieed
1192 3988 1231 4060 by

132 4068 193 4134 her,
204 4070 256 4125 but
267 4070 305 4142 by
316 4071 368 4125 her
381 4073 520 4143 subjecte:
540 4074 587 4128 for
600 4074 651 4129 che
661 4074 711 4128 did
724 4080 775 4129 nct
792 4081 911 4146 prevent
925 4076 957 4130 it.
995 4075 1059 4129 And
1073 4075 1103 4127 in
1117 4074 1230 4129 ancient

133 4155 214 4210 times
226 4155 275 4210 the
289 4157 419 4228 Scyriane
431 4175 503 4213 were
515 4160 689 4215 condemned
707 4159 745 4232 by
756 4159 805 4215 the
815 4160 1016 4232 Amphictyon:
1031 4160 1150 4214 because
1162 4158 1231 4231 they

132 4241 249 4296 allowed
261 4258 339 4297 some
354 4243 387 4296 oi
396 4242 469 4297 their
480 4245 580 4316 peoplc
591 4251 622 4300 to
636 4246 757 4317 practice
768 4245 872 4318 piracy.

187 4331 204 4382 6
227 4328 255 4383 Ιι
272 4327 297 4383 is
315 4343 381 4400 easy
395 4334 426 4383 to
442 4328 532 4394 know,
546 4346 577 4385 so
597 4331 641 4384 fur
657 4348 688 4386 as
702 4333 896 4403 presumption
909 4346 984 4401 goes,
999 4335 1059 4385 acts
1074 4329 1165 4384 which
1181 4347 1231 4386 are
1255 4366 1258 4372 -

127 4414 315 4485 conspicuous
330 4414 386 4470 and
399 4413 489 4471 which
501 4431 551 4472 ere
562 4415 701 4489 frequent.
737 4417 824 4472 What
840 4418 864 4473 is
882 4415 956 4471 done
969 4416 1008 4488 by
1023 4432 1116 4487 many,
1126 4432 1180 4473 can
1194 4416 1231 4475 be
