2834 4920
207 257 271 328 176
529 266 582 322 ΒΕ
604 266 980 324 INTERPBETATIONE.
1183 264 1258 338 [Lm.
1268 269 1307 324 II.

281 437 304 500 3
334 430 520 520 Exemplum
533 431 574 499 sit
587 431 637 498 ‘in
649 432 801 521 pactione,
814 456 854 500 ne
867 433 935 522 quis
946 434 1032 500 locus
1043 434 1140 501 muris
1154 435 1309 526 cingatur,

209 535 294 602 iacta
306 548 343 600 eo
355 543 496 621 tempore
511 554 581 598 cum
593 554 656 597 non
672 533 757 599 aliud
769 541 850 599 essct
863 533 1020 600 muniendi
1032 555 1140 622 genus.
1174 537 1208 601 Is
1224 537 1309 603 locus

208 656 248 700 ne
265 654 384 723 aggere
400 632 524 720 quidem
537 630 619 721 cingi
635 631 760 718 poterit,
778 632 805 698 si
820 633 895 700 satis
907 641 1028 699 constet
1041 634 1226 720 prohibendi
1242 659 1308 702 mu·

132 794 135 801 .
208 754 262 800 ros
277 733 398 799 unicam
420 731 516 797 fuisse
531 752 654 797 causam
670 752 711 796 ne
731 731 905 799 muniretur
921 732 948 798 is
967 732 1061 799 locus.
1108 734 1212 823 Vulgo
1229 737 1308 802 solet

208 833 384 919 exemplum
402 830 520 897 adferri
535 830 575 896 de
591 829 776 908 conditione,
801 830 828 896 si
844 832 1027 919 posthumus
1043 831 1084 898 sit
1100 844 1248 912 mortuus,
1266 836 1307 901 ab

209 954 247 998 eo
272 931 388 1019 scripta
413 929 466 1017 qui
490 930 687 1017 posthumum
713 929 836 995 omnino
862 930 1071 1017 exspectabat,
1098 941 1135 998 ut
1156 934 1308 1000 sententia

208 1029 415 1117 dispositionis
431 1029 621 1116 producatur
642 1028 684 1094 ad
700 1050 771 1094 eum
787 1049 902 1105 casum,
930 1029 955 1094 si
971 1029 998 1095 is
1014 1031 1197 1116 posthumus
1217 1041 1309 1098 natus

207 1151 270 1195 non
286 1138 377 1207 esset,
395 1128 469 1215 quia
485 1138 604 1194 constet
617 1127 808 1193 voluntatem
824 1126 978 1214 loquentis
994 1137 1109 1194 motam
1126 1130 1220 1197 inisse
1237 1154 1308 1197 con·

208 1228 396 1294 sideratione
413 1249 475 1292 non
495 1227 656 1293 exstiturae
672 1225 788 1314 prolis:
811 1227 894 1313 quod
916 1227 1016 1314 ipsum
1038 1249 1100 1292 non
1117 1230 1200 1315 apud
1213 1230 1308 1315 juris-

41 1337 196 1423 &3⁶³0ng
209 1327 364 1394 consultos
380 1334 512 1403 tantum,
529 1326 629 1392 sedet
644 1317 751 1412 bapud
764 1324 954 1404 Ciceronem,
965 1337 998 1393 et
1010 1325 1171 1393 Valerium
1186 1328 1307 1394 lMaxi·

43 1431 185 1515 &ffb-⁰⁴⁹·
208 1448 292 1493 mum
309 1425 450 1492 invenire
466 1434 522 1492 est

42 1542 134 1593 eost
284 1527 306 1590 4
341 1525 450 1592 Cicero
462 1547 585 1591 causam
600 1525 681 1590 hanc
692 1523 797 1592 adfert
809 1525 947 1592 oratione
954 1549 1020 1613 pro
1032 1529 1179 1594 Coecioo:
1197 1528 1308 1605 Quid?

208 1627 314 1692 verbio
327 1627 412 1692 eatis
432 1627 490 1691 hoc
507 1638 640 1692 cautam
657 1626 758 1691 erat?
779 1628 921 1694 minime.
964 1630 1046 1702 Quoe
1062 1650 1114 1693 ree
1129 1630 1234 1712 igitur
1251 1651 1307 1693 oo

208 1724 299 1791 tuiti
320 1727 491 1790 voluutas:
516 1746 590 1810 quoe
607 1727 639 1790 ai
661 1727 773 1791 tacitis
791 1727 884 1790 nobis
905 1726 1048 1809 intelligi
1061 1737 1179 1810 posset,
1202 1728 1308 1792 verbio

208 1826 337 1889 omnino
353 1845 417 1888 eon
437 1835 622 1888 uteremur:
645 1825 726 1908 quia
749 1846 812 1889 ooo
820 1835 937 1908 potest,
960 1825 1059 1889 verba
1075 1836 1205 1909 reperta
1220 1837 1305 1901 aaut,

207 1944 359 2004 nonque
382 1922 584 2007 impedirent,
607 1923 664 1986 sed
680 1943 752 2007 pooe
768 1924 955 1987 indicarent
976 1923 1179 1988 volontatem.
1230 1925 1308 1988 Mox

207 2020 240 2086 in
257 2020 365 2086 cadem
382 2018 522 2084 oratione
536 2018 611 2085 dicit
626 2018 709 2084 idem
727 2018 780 2107 jus
796 2042 873 2098 esse,
890 2020 943 2087 ubi
960 2021 1145 2108 perspicitur
1163 2026 1244 2088 cuna
1260 2033 1308 2089 at

251 2180 307 2226 ⁸Ia
323 2178 444 2239 pactione,
462 2190 491 2224 ne
506 2177 561 2239 quis
578 2177 643 2224 locus
659 2178 734 2224 muria
785 2177 845 2239 Cap.
856 2180 958 2240 praeced.
971 2179 1025 2228 Lib.
1035 2194 1084 2227 vu.
1095 2195 1147 2242 cap.
1159 2182 1180 2230 7.
1192 2195 1219 2230 n.
1229 2184 1250 2228 1.
1266 2196 1309 2228 ex·

207 2254 401 2317 &nemausum
410 2268 437 2300 co
447 2258 548 2314 ternpore
555 2267 657 2300 οιοιιιιοιι
665 2253 735 2299 aliud
783 2253 889 2313 emplum
899 2254 999 2314 legitur,
1009 2256 1073 2315 quod
1083 2256 1114 2301 ad
1124 2256 1186 2302 banc
1198 2255 1308 2316 regulam

207 2336 264 2379 esset
278 2328 397 2378 ιιιιοιίοιιάι·
411 2326 494 2390 emus]
520 2327 612 2374 Fuscus
627 2328 734 2376 Arellius
783 2333 865 2389 potest
873 2328 965 2386 reterri,
975 2343 1120 2390 quamquam
1129 2332 1248 2378 contrario
1259 2346 1310 2378 mo-

206 2403 232 2452 in
244 2404 479 2463 controversiaque
488 2405 526 2449 est
540 2403 605 2462 apud
619 2403 733 2449 Senecam
783 2404 832 2451 dos
846 2405 957 2452 nimirum
974 2406 1061 2462 Patris,
1072 2406 1123 2467 qui,
1137 2421 1211 2468 quum
1222 2409 1310 2454 Filium

208 2480 301 2527 decim
318 2479 381 2525 libro
400 2490 429 2524 ιι.
459 2477 532 2524 Hune
550 2478 611 2523 eaiaa
630 2478 734 2524 animam
783 2480 888 2526 suumin
899 2481 963 2528 bello
973 2481 1112 2529 occubuisse
1121 2483 1182 2528 falso
1192 2484 1309 2541 crederet,

199 2556 281 2616 fisisss
290 2556 340 2601 siae
350 2551 567 2611 dubiojurantiass,
575 2557 601 2598 as
610 2553 686 2598 oiaon
696 2553 733 2598 di·
783 2555 842 2601 alios
852 2555 989 2601 instituerat
998 2556 1106 2604 heredes.
1137 2558 1198 2614 Hoc,
1206 2563 1233 2604 ut
1244 2558 1309 2604 vide-

208 2631 356 2687 dacereutur,
371 2643 422 2675 cum
438 2627 501 2673 iliad
513 2641 605 2687 quoquc
621 2626 733 2684 socedat,
782 2631 831 2684 tur,
840 2640 922 2672 annm
932 2628 998 2673 dedit
1008 2629 1083 2674 errori
1098 2628 1211 2676 Auctoris
1223 2633 1308 2692 nostri,

207 2709 317 2752 nemone
324 2703 492 2749 dividerentur.
783 2701 1125 2748 memoriavitioduodirersa
1132 2705 1307 2754 confundentia.

252 2778 345 2839 rapae
357 2774 502 2836 caecum]
519 2775 598 2822 Etiam
610 2774 639 2820 de
648 2773 732 2820 laom-
781 2776 810 2824 J.
820 2777 853 2823 Β.

208 2851 420 2912 tione11.(c.42.)
826 2851 911 2899 cUise
926 2855 996 2912 atque
1005 2853 1085 2899 endem
1095 2867 1169 2900 coare
1178 2857 1308 2919 equitatis]

252 2932 263 2961 ⁰
278 2931 345 2978 Nihil
354 2932 399 2976 hac
409 2930 440 2977 de
450 2942 477 2976 re
492 2931 571 2975 exstnt
581 2927 646 2988 apud
658 2928 732 2974 Vale·
782 2926 856 2973 sicin
867 2940 978 2986 sponsam
985 2929 1084 2974 alterins
1090 2929 1235 2977 adulterium
1242 2947 1308 2978 com.

207 3009 269 3054 rium
281 3006 422 3062 Maximum,
432 3003 512 3050 necin
523 3003 610 3063 Capite
619 3002 659 3050 De
672 3003 733 3049 ruts's
781 3002 846 3049 mitti
859 3004 946 3063 probat
960 3003 1030 3049 Philo
1045 3004 1075 3050 de
1090 3006 1232 3065 specialibus
1247 3008 1307 3068 legi·

212 3082 363 3133 Tatammtie
372 3085 395 3126 et
404 3078 660 3140 imperatis,nbilocns
670 3081 733 3125 esset
781 3079 834 3136 bns,
854 3079 937 3126 addita
956 3093 1040 3126 cansa:
1056 3080 1082 3127 al
1102 3083 1153 3141 γάρ
1173 3082 1307 3144 ὁμολογίαι

209 3165 289 3220 aptus,
308 3171 352 3205 nec
368 3156 433 3214 alibi,
449 3155 513 3216 quod
529 3154 610 3202 sciam.
640 3154 688 3201 Sed
707 3154 732 3199 in
781 3157 836 3201 τοῖς
846 3153 1307 3220 yduoccieoiovoaoim·(i’ag.tetta)

262 3407 278 3456 3
301 3399 379 3455 Take
402 3417 439 3454 an
456 3400 584 3471 example
598 3400 628 3452 in
640 3417 676 3453 an
689 3405 851 3469 agreement
866 3400 948 3454 mado
962 3400 1025 3454 that
1036 3417 1074 3456 no
1086 3402 1166 3473 placo
1180 3403 1251 3457 shall
1270 3405 1306 3458 be

208 3485 308 3540 wallcd
319 3485 419 3549 round,
433 3484 556 3539 madeat
571 3502 589 3538 a
602 3485 671 3539 time
682 3483 762 3537 when
775 3484 856 3537 there
871 3501 924 3537 aas
939 3500 976 3537 no
990 3484 1073 3538 other
1087 3502 1147 3556 way
1161 3487 1195 3540 of
1204 3488 1306 3541 fortiti-

208 3572 311 3626 cation.
339 3570 501 3641 Thatplace
509 3575 613 3623 cannot
625 3585 695 3623 eren
703 3567 773 3622 have
782 3584 817 3621 an
826 3568 995 3623 earth-work
1006 3569 1089 3624 made
1100 3571 1191 3625 round
1204 3571 1235 3634 it,
1246 3572 1272 3625 if
1283 3573 1305 3627 it

207 3674 313 3729 appear
330 3655 393 3711 that
407 3655 456 3710 the
470 3655 537 3726 only
557 3670 640 3710 cause
659 3655 706 3709 ior
719 3652 892 3725 prohibiting
910 3653 986 3709 walls
1003 3670 1059 3709 was
1078 3654 1140 3708 that
1159 3654 1208 3708 the
1225 3656 1305 3727 piaco

206 3743 297 3814 might
309 3748 359 3797 not
371 3743 407 3796 be
421 3740 552 3796 fortitied.
590 3742 635 3794 An
656 3739 782 3810 example
800 3739 823 3794 is
843 3739 921 3794 osten
936 3739 1022 3793 taken
1040 3740 1068 3792 in
1084 3739 1133 3794 tho
1147 3741 1306 3797 conditione

205 3828 370 3891 introduced
380 3829 409 3881 in
422 3827 471 3882 the
479 3827 535 3881 will
544 3826 578 3881 oi
589 3842 607 3880 n
617 3831 736 3881 testator
747 3826 776 3878 in
788 3841 850 3880 case
861 3823 1095 3896 hisposthnmons
1104 3825 1179 3879 child
1191 3826 1246 3892 die,
1257 3829 1306 3883 the

206 3920 359 3970 testament
369 3913 454 3984 being
469 3913 552 3968 made
563 3913 601 3984 by
614 3928 668 3967 one
681 3911 742 3967 who
756 3911 828 3982 fully
840 3910 975 3983 expected
990 3910 1201 3982 aposthumous
1214 3914 1287 3968 child
1298 3934 1306 3979 ;

205 4001 263 4055 and
278 4000 327 4055 the
342 3999 403 4055 rule
415 4000 438 4054 is
453 3999 522 4054 used
537 4006 567 4053 to
582 3999 685 4053 extend
696 3996 743 4052 the
752 3997 931 4068 dispositions
942 3997 975 4051 oi
986 3995 1035 4052 the
1047 4002 1198 4052 testament
1210 4005 1240 4054 to
1256 4000 1305 4055 the

205 4103 269 4143 case
281 4087 310 4139 in
321 4085 411 4140 which
425 4085 474 4140 the
489 4084 672 4157 posthumous
687 4083 762 4138 child
774 4084 797 4138 is
808 4090 859 4139 not
873 4083 961 4138 born:
984 4082 1105 4137 because
1120 4084 1143 4138 it
1157 4085 1180 4138 is
1192 4086 1305 4141 evident

205 4172 268 4228 that
283 4172 332 4227 the
344 4172 399 4225 will
412 4171 445 4226 of
456 4170 505 4226 the
517 4176 635 4226 testator
650 4187 704 4224 was
715 4169 816 4224 moved
831 4168 868 4240 by
880 4168 929 4223 the
943 4168 1149 4224 consideration
1164 4170 1198 4224 of
1208 4188 1226 4224 a
1240 4189 1306 4243 pro·

204 4276 278 4331 gony
285 4257 376 4313 which
388 4274 474 4313 never
485 4274 564 4312 came
577 4257 636 4311 into
648 4257 803 4310 existence:
820 4254 910 4309 which
920 4254 1047 4325 example
1055 4271 1096 4310 we
1108 4255 1167 4309 find
1176 4264 1226 4312 not
1239 4258 1305 4330 only

203 4345 234 4399 in
250 4344 298 4399 the
312 4345 332 4399 J
333 4345 424 4409 mista,
438 4344 491 4399 but
505 4343 563 4398 also
578 4343 608 4397 in
625 4343 722 4397 Cicero
737 4340 793 4396 and
807 4340 937 4396 Valerius
951 4339 1100 4397 Maximus.

262 4438 280 4485 4
310 4431 365 4487 See
378 4430 476 4487 cicero
489 4431 520 4484 in
534 4429 584 4485 the
597 4428 707 4485 oration
718 4446 772 4501 pro
789 4427 905 4484 Ceciuo.
940 4426 1006 4482 And
1019 4425 1110 4484 hence
1123 4426 1173 4483 the
1186 4427 1261 4483 form
1274 4428 1309 4484 of
