<?xml version="1.0" encoding="UTF-8"?>
<!DOCTYPE html PUBLIC "-//W3C//DTD XHTML 1.0 Transitional//EN"
    "http://www.w3.org/TR/xhtml1/DTD/xhtml1-transitional.dtd">
<html xmlns="http://www.w3.org/1999/xhtml" xml:lang="en" lang="en">
 <head>
  <title>
</title>
<meta http-equiv="Content-Type" content="text/html;charset=utf-8" />
  <meta name='ocr-system' content='tesseract 3.04.00' />
  <meta name='ocr-capabilities' content='ocr_page ocr_carea ocr_par ocr_line ocrx_word'/>
</head>
<body>
  <div class='ocr_page' id='page_1' title='image "./hugonisgrotiide03barbgoog_0246.png"; bbox 0 0 2834 4920; ppageno 0'>
   <div class='ocr_carea' id='block_1_1' title="bbox 119 265 1224 340">
    <p class='ocr_par' dir='ltr' id='par_1_1' title="bbox 119 265 1224 340">
     <span class='ocr_line' id='line_1_1' title="bbox 119 265 1224 340; baseline -0.002 -10"><span class='ocrx_word' id='word_1_1' title='bbox 119 273 191 330; x_wconf 74' lang='lat' dir='ltr'>Gar.</span> <span class='ocrx_word' id='word_1_2' title='bbox 204 266 301 340; x_wconf 71' lang='lat' dir='ltr'>xlx]</span> <span class='ocrx_word' id='word_1_3' title='bbox 446 270 499 325; x_wconf 84' lang='lat' dir='ltr'>DE</span> <span class='ocrx_word' id='word_1_4' title='bbox 521 270 620 326; x_wconf 79' lang='lat' dir='ltr'><strong>JURE</strong></span> <span class='ocrx_word' id='word_1_5' title='bbox 643 270 895 327; x_wconf 82' lang='lat' dir='ltr'>SEPULTURAE.</span> <span class='ocrx_word' id='word_1_6' title='bbox 1159 265 1224 328; x_wconf 78' lang='lat'>233</span> 
     </span>
    </p>
   </div>
   <div class='ocr_carea' id='block_1_2' title="bbox 119 428 1225 1311">
    <p class='ocr_par' dir='ltr' id='par_1_2' title="bbox 119 428 1223 618">
     <span class='ocr_line' id='line_1_2' title="bbox 119 428 1223 523; baseline -0.001 -20"><span class='ocrx_word' id='word_1_7' title='bbox 119 458 180 503; x_wconf 87' lang='lat' dir='ltr'>nee</span> <span class='ocrx_word' id='word_1_8' title='bbox 199 433 319 523; x_wconf 91' lang='lat' dir='ltr'>pudore</span> <span class='ocrx_word' id='word_1_9' title='bbox 334 428 426 499; x_wconf 86' lang='lat' dir='ltr'>affici.</span> <span class='ocrx_word' id='word_1_10' title='bbox 478 429 562 498; x_wconf 88' lang='lat' dir='ltr'>Satis</span> <span class='ocrx_word' id='word_1_11' title='bbox 578 430 659 497; x_wconf 91' lang='lat' dir='ltr'>euim</span> <span class='ocrx_word' id='word_1_12' title='bbox 675 440 732 509; x_wconf 88' lang='lat' dir='ltr'>est,</span> <span class='ocrx_word' id='word_1_13' title='bbox 758 432 792 499; x_wconf 91' lang='lat' dir='ltr'>id</span> <span class='ocrx_word' id='word_1_14' title='bbox 807 432 889 518; x_wconf 91' lang='lat' dir='ltr'>quod</span> <span class='ocrx_word' id='word_1_15' title='bbox 910 432 1041 500; x_wconf 76' lang='lat' dir='ltr'><strong>mortuis</strong></span> <span class='ocrx_word' id='word_1_16' title='bbox 1056 432 1176 512; x_wconf 91' lang='lat' dir='ltr'>accidit,</span> <span class='ocrx_word' id='word_1_17' title='bbox 1201 457 1223 502; x_wconf 88' lang='lat' dir='ltr'>a</span> 
     </span>
     <span class='ocr_line' id='line_1_3' title="bbox 121 531 966 618; baseline -0.005 -16"><span class='ocrx_word' id='word_1_18' title='bbox 121 533 202 602; x_wconf 77' lang='lat' dir='ltr'>vivis</span> <span class='ocrx_word' id='word_1_19' title='bbox 217 531 322 610; x_wconf 91' lang='lat' dir='ltr'>metui,</span> <span class='ocrx_word' id='word_1_20' title='bbox 339 540 375 598; x_wconf 91' lang='lat' dir='ltr'>ut</span> <span class='ocrx_word' id='word_1_21' title='bbox 391 531 451 596; x_wconf 91' lang='lat' dir='ltr'>hoc</span> <span class='ocrx_word' id='word_1_22' title='bbox 466 540 558 618; x_wconf 89' lang='lat' dir='ltr'>pacto</span> <span class='ocrx_word' id='word_1_23' title='bbox 574 551 595 597; x_wconf 87' lang='lat' dir='ltr'>a</span> <span class='ocrx_word' id='word_1_24' title='bbox 612 540 738 618; x_wconf 85' lang='lat' dir='ltr'>peceato</span> <span class='ocrx_word' id='word_1_25' title='bbox 754 533 966 598; x_wconf 88' lang='lat' dir='ltr'>retrahantur.</span> 
     </span>
    </p>

    <p class='ocr_par' dir='ltr' id='par_1_3' title="bbox 120 629 1225 1311">
     <span class='ocr_line' id='line_1_4' title="bbox 198 629 1225 718; baseline 0.001 -20"><span class='ocrx_word' id='word_1_26' title='bbox 198 636 220 698; x_wconf 82' lang='lat'><strong><em>2</em></strong></span> <span class='ocrx_word' id='word_1_27' title='bbox 254 630 381 718; x_wconf 91' lang='lat' dir='ltr'>Optime</span> <span class='ocrx_word' id='word_1_28' title='bbox 397 629 479 695; x_wconf 91' lang='lat' dir='ltr'>enim</span> <span class='ocrx_word' id='word_1_29' title='bbox 496 629 645 696; x_wconf 77' lang='lat' dir='ltr'><strong>Platonici</strong></span> <span class='ocrx_word' id='word_1_30' title='bbox 661 639 771 697; x_wconf 88' lang='lat' dir='ltr'>contra</span> <span class='ocrx_word' id='word_1_31' title='bbox 788 630 916 708; x_wconf 85' lang='lat' dir='ltr'>Stoicos,</span> <span class='ocrx_word' id='word_1_32' title='bbox 935 639 968 697; x_wconf 89' lang='lat' dir='ltr'>et</span> <span class='ocrx_word' id='word_1_33' title='bbox 980 630 1006 697; x_wconf 91' lang='lat' dir='ltr'>si</span> <span class='ocrx_word' id='word_1_34' title='bbox 1022 630 1075 717; x_wconf 90' lang='lat' dir='ltr'>qui</span> <span class='ocrx_word' id='word_1_35' title='bbox 1090 633 1142 698; x_wconf 87' lang='lat' dir='ltr'>alii</span> <span class='ocrx_word' id='word_1_36' title='bbox 1159 655 1225 699; x_wconf 84' lang='lat' dir='ltr'>ser·</span> 
     </span>
     <span class='ocr_line' id='line_1_5' title="bbox 120 727 1224 818; baseline -0.002 -19"><span class='ocrx_word' id='word_1_37' title='bbox 120 731 231 799; x_wconf 80' lang='lat' dir='ltr'>vitatis</span> <span class='ocrx_word' id='word_1_38' title='bbox 251 739 285 797; x_wconf 92' lang='lat' dir='ltr'>et</span> <span class='ocrx_word' id='word_1_39' title='bbox 307 728 408 795; x_wconf 90' lang='lat' dir='ltr'>morbi</span> <span class='ocrx_word' id='word_1_40' title='bbox 427 727 545 817; x_wconf 81' lang='lat' dir='ltr'>lugam,</span> <span class='ocrx_word' id='word_1_41' title='bbox 570 728 633 794; x_wconf 91' lang='lat' dir='ltr'>imo</span> <span class='ocrx_word' id='word_1_42' title='bbox 655 738 688 795; x_wconf 87' lang='lat' dir='ltr'>ct</span> <span class='ocrx_word' id='word_1_43' title='bbox 703 751 791 817; x_wconf 89' lang='lat' dir='ltr'>spem</span> <span class='ocrx_word' id='word_1_44' title='bbox 814 729 923 818; x_wconf 80' lang='lat' dir='ltr'>glorias</span> <span class='ocrx_word' id='word_1_45' title='bbox 944 752 1001 817; x_wconf 89' lang='lat' dir='ltr'>pro</span> <span class='ocrx_word' id='word_1_46' title='bbox 1022 730 1109 817; x_wconf 86' lang='lat' dir='ltr'>justa</span> <span class='ocrx_word' id='word_1_47' title='bbox 1131 754 1224 797; x_wconf 70' lang='lat' dir='ltr'>musa</span> 
     </span>
     <span class='ocr_line' id='line_1_6' title="bbox 120 827 1225 905; baseline -0.001 -8"><span class='ocrx_word' id='word_1_48' title='bbox 120 831 231 897; x_wconf 89' lang='lat' dir='ltr'>mortis</span> <span class='ocrx_word' id='word_1_49' title='bbox 249 827 432 896; x_wconf 79' lang='lat' dir='ltr'>voluntaria</span> <span class='ocrx_word' id='word_1_50' title='bbox 446 827 662 905; x_wconf 75' lang='lat' dir='ltr'>admittebant,</span> <span class='ocrx_word' id='word_1_51' title='bbox 680 827 816 894; x_wconf 87' lang='lat' dir='ltr'>sentiunt</span> <span class='ocrx_word' id='word_1_52' title='bbox 830 829 1026 896; x_wconf 90' lang='lat' dir='ltr'>retinendum</span> <span class='ocrx_word' id='word_1_53' title='bbox 1039 830 1174 896; x_wconf 87' lang='lat' dir='ltr'>animum</span> <span class='ocrx_word' id='word_1_54' title='bbox 1191 830 1225 896; x_wconf 91' lang='lat' dir='ltr'>in</span> 
     </span>
     <span class='ocr_line' id='line_1_7' title="bbox 122 925 1221 1014; baseline -0.003 -18"><span class='ocrx_word' id='word_1_55' title='bbox 122 928 263 996; x_wconf 87' lang='lat' dir='ltr'>custodia</span> <span class='ocrx_word' id='word_1_56' title='bbox 276 926 424 1014; x_wconf 89' lang='lat' dir='ltr'>eorporis,</span> <span class='ocrx_word' id='word_1_57' title='bbox 446 948 503 992; x_wconf 89' lang='lat' dir='ltr'>nec</span> <span class='ocrx_word' id='word_1_58' title='bbox 522 925 639 1013; x_wconf 87' lang='lat' dir='ltr'>injussu</span> <span class='ocrx_word' id='word_1_59' title='bbox 655 926 731 1013; x_wconf 90' lang='lat' dir='ltr'>ejus,</span> <span class='ocrx_word' id='word_1_60' title='bbox 757 949 777 993; x_wconf 92' lang='lat' dir='ltr'>a</span> <span class='ocrx_word' id='word_1_61' title='bbox 793 950 855 1014; x_wconf 93' lang='lat' dir='ltr'>quo</span> <span class='ocrx_word' id='word_1_62' title='bbox 871 927 923 992; x_wconf 88' lang='lat' dir='ltr'>ille</span> <span class='ocrx_word' id='word_1_63' title='bbox 944 928 1034 995; x_wconf 92' lang='lat' dir='ltr'>nobis</span> <span class='ocrx_word' id='word_1_64' title='bbox 1049 937 1098 995; x_wconf 87' lang='lat' dir='ltr'>est</span> <span class='ocrx_word' id='word_1_65' title='bbox 1121 930 1221 1005; x_wconf 90' lang='lat' dir='ltr'>datus,</span> 
     </span>
     <span class='ocr_line' id='line_1_8' title="bbox 123 1024 1224 1115; baseline 0.001 -21"><span class='ocrx_word' id='word_1_66' title='bbox 123 1051 163 1095; x_wconf 88' lang='lat' dir='ltr'>ex</span> <span class='ocrx_word' id='word_1_67' title='bbox 179 1029 240 1094; x_wconf 91' lang='lat' dir='ltr'>hae</span> <span class='ocrx_word' id='word_1_68' title='bbox 255 1026 320 1093; x_wconf 82' lang='lat' dir='ltr'>rita</span> <span class='ocrx_word' id='word_1_69' title='bbox 331 1024 588 1114; x_wconf 68' lang='lat' dir='ltr'>demigrandum</span> <span class='ocrx_word' id='word_1_70' title='bbox 605 1047 697 1111; x_wconf 89' lang='lat' dir='ltr'>quam</span> <span class='ocrx_word' id='word_1_71' title='bbox 710 1026 745 1090; x_wconf 91' lang='lat' dir='ltr'>iu</span> <span class='ocrx_word' id='word_1_72' title='bbox 760 1048 827 1092; x_wconf 90' lang='lat' dir='ltr'>rem</span> <span class='ocrx_word' id='word_1_73' title='bbox 843 1026 940 1093; x_wconf 87' lang='lat' dir='ltr'>multa</span> <span class='ocrx_word' id='word_1_74' title='bbox 952 1027 1059 1094; x_wconf 83' lang='lat' dir='ltr'>videre</span> <span class='ocrx_word' id='word_1_75' title='bbox 1075 1037 1124 1094; x_wconf 91' lang='lat' dir='ltr'>est</span> <span class='ocrx_word' id='word_1_76' title='bbox 1139 1030 1224 1115; x_wconf 88' lang='lat' dir='ltr'>apud</span> 
     </span>
     <span class='ocr_line' id='line_1_9' title="bbox 123 1124 1223 1214; baseline 0 -21"><span class='ocrx_word' id='word_1_77' title='bbox 123 1126 290 1203; x_wconf 90' lang='lat' dir='ltr'>Plotinum,</span> <span class='ocrx_word' id='word_1_78' title='bbox 305 1124 573 1213; x_wconf 81' lang='lat' dir='ltr'>olympiodorum,</span> <span class='ocrx_word' id='word_1_79' title='bbox 591 1133 624 1190; x_wconf 91' lang='lat' dir='ltr'>et</span> <span class='ocrx_word' id='word_1_80' title='bbox 637 1124 828 1191; x_wconf 81' lang='lat' dir='ltr'>hlaurobium</span> <span class='ocrx_word' id='word_1_81' title='bbox 840 1126 882 1191; x_wconf 86' lang='lat' dir='ltr'>ad</span> <span class='ocrx_word' id='word_1_82' title='bbox 896 1125 1047 1193; x_wconf 91' lang='lat' dir='ltr'>somnium</span> <span class='ocrx_word' id='word_1_83' title='bbox 1061 1127 1223 1214; x_wconf 78' lang='lat' dir='ltr'><strong>Scipionis.</strong></span> 
     </span>
     <span class='ocr_line' id='line_1_10' title="bbox 127 1223 1222 1311; baseline 0.001 -20"><span class='ocrx_word' id='word_1_84' title='bbox 127 1227 234 1291; x_wconf 87' lang='lat' dir='ltr'>¹Hano</span> <span class='ocrx_word' id='word_1_85' title='bbox 255 1223 439 1291; x_wconf 87' lang='lat' dir='ltr'>senteutiam</span> <span class='ocrx_word' id='word_1_86' title='bbox 462 1233 585 1289; x_wconf 77' lang='lat' dir='ltr'>secuttm</span> <span class='ocrx_word' id='word_1_87' title='bbox 606 1224 724 1289; x_wconf 89' lang='lat' dir='ltr'>Brutus</span> <span class='ocrx_word' id='word_1_88' title='bbox 746 1224 818 1289; x_wconf 94' lang='lat' dir='ltr'>olim</span> <span class='ocrx_word' id='word_1_89' title='bbox 840 1226 968 1291; x_wconf 85' lang='lat' dir='ltr'>Catonis</span> <span class='ocrx_word' id='word_1_90' title='bbox 986 1226 1112 1302; x_wconf 83' lang='lat' dir='ltr'>iactum,</span> <span class='ocrx_word' id='word_1_91' title='bbox 1139 1227 1222 1311; x_wconf 91' lang='lat' dir='ltr'>quod</span> 
     </span>
    </p>
   </div>
   <div class='ocr_carea' id='block_1_3' title="bbox 124 1316 1381 1515">
    <p class='ocr_par' dir='ltr' id='par_1_4' title="bbox 124 1316 1381 1515">
     <span class='ocr_line' id='line_1_11' title="bbox 124 1316 1343 1429; baseline 0.001 -39"><span class='ocrx_word' id='word_1_92' title='bbox 124 1324 263 1391; x_wconf 77' lang='lat' dir='ltr'>imitatus</span> <span class='ocrx_word' id='word_1_93' title='bbox 288 1330 396 1411; x_wconf 81' lang='lat' dir='ltr'>postca</span> <span class='ocrx_word' id='word_1_94' title='bbox 418 1330 474 1399; x_wconf 81' lang='lat' dir='ltr'>est,</span> <span class='ocrx_word' id='word_1_95' title='bbox 500 1320 780 1398; x_wconf 74' lang='lat' dir='ltr'>&#39;‘damnaverat,</span> <span class='ocrx_word' id='word_1_96' title='bbox 757 1354 796 1396; x_wconf 86' lang='grc' dir='ltr'>ως</span> <span class='ocrx_word' id='word_1_97' title='bbox 822 1320 886 1417; x_wconf 75' lang='grc' dir='ltr'>οὑχ</span> <span class='ocrx_word' id='word_1_98' title='bbox 909 1320 998 1391; x_wconf 78' lang='grc' dir='ltr'><strong>ὅσιον</strong></span> <span class='ocrx_word' id='word_1_99' title='bbox 1022 1316 1084 1392; x_wconf 75' lang='lat' dir='ltr'>oe&#39;d&#39;</span> <span class='ocrx_word' id='word_1_100' title='bbox 1111 1318 1295 1448; x_wconf 54' lang='grc' dir='ltr'><strong>ἀνδρᾶιῐέηῐιι</strong></span> <span class='ocrx_word' id='word_1_101' title='bbox 1302 1344 1343 1385; x_wconf 84' lang='lat' dir='ltr'>ra</span> 
     </span>
     <span class='ocr_line' id='line_1_12' title="bbox 125 1392 1381 1515; baseline 0.001 -23"><span class='ocrx_word' id='word_1_102' title='bbox 125 1452 226 1514; x_wconf 78' lang='grc' dir='ltr'><strong><em>εργον</em></strong></span> <span class='ocrx_word' id='word_1_103' title='bbox 243 1420 428 1515; x_wconf 77' lang='grc' dir='ltr'><strong><em>νποχωρεῖν</em></strong></span> <span class='ocrx_word' id='word_1_104' title='bbox 443 1450 492 1488; x_wconf 83' lang='grc' dir='ltr'>τω</span> <span class='ocrx_word' id='word_1_105' title='bbox 477 1414 642 1498; x_wconf 77' lang='lat' dir='ltr'>deiurare,</span> <span class='ocrx_word' id='word_1_106' title='bbox 659 1425 713 1489; x_wconf 75' lang='lat' dir='ltr'>aei</span> <span class='ocrx_word' id='word_1_107' title='bbox 729 1451 774 1501; x_wconf 81' lang='grc' dir='ltr'>μη</span> <span class='ocrx_word' id='word_1_108' title='bbox 763 1415 1007 1515; x_wconf 72' lang='grc' dir='ltr'><strong>δέχεσθαι</strong></span> <span class='ocrx_word' id='word_1_109' title='bbox 966 1451 1008 1490; x_wconf 80' lang='grc' dir='ltr'>το</span> <span class='ocrx_word' id='word_1_110' title='bbox 1025 1426 1222 1499; x_wconf 72' lang='grc' dir='ltr'>συμπῖπτον</span> <span class='ocrx_word' id='word_1_111' title='bbox 1235 1392 1324 1476; x_wconf 38' lang='lat' dir='ltr'>¹303ss</span> <span class='ocrx_word' id='word_1_112' title='bbox 1378 1418 1381 1423; x_wconf 28' lang='grc' dir='ltr'>Ι</span> 
     </span>
    </p>
   </div>
   <div class='ocr_carea' id='block_1_4' title="bbox 120 1491 1379 2008">
    <p class='ocr_par' dir='ltr' id='par_1_5' title="bbox 120 1491 1342 2008">
     <span class='ocr_line' id='line_1_13' title="bbox 125 1491 1224 1612; baseline 0 -23"><span class='ocrx_word' id='word_1_113' title='bbox 125 1516 233 1598; x_wconf 74' lang='grc' dir='ltr'>ἀδεῶς,</span> <span class='ocrx_word' id='word_1_114' title='bbox 262 1518 340 1589; x_wconf 79' lang='grc' dir='ltr'>ἀλλ’</span> <span class='ocrx_word' id='word_1_115' title='bbox 376 1513 468 1588; x_wconf 69' lang='lat' dir='ltr'>iecoris</span> <span class='ocrx_word' id='word_1_116' title='bbox 470 1491 631 1612; x_wconf 65' lang='lat' dir='ltr'>dudasela·</span> <span class='ocrx_word' id='word_1_117' title='bbox 668 1523 786 1606; x_wconf 77' lang='lat' dir='ltr'>quippe</span> <span class='ocrx_word' id='word_1_118' title='bbox 810 1544 867 1588; x_wconf 83' lang='lat' dir='ltr'>aec</span> <span class='ocrx_word' id='word_1_119' title='bbox 890 1525 987 1607; x_wconf 78' lang='lat' dir='ltr'>pium</span> <span class='ocrx_word' id='word_1_120' title='bbox 1014 1545 1140 1589; x_wconf 71' lang='lat' dir='ltr'>camene</span> <span class='ocrx_word' id='word_1_121' title='bbox 1167 1546 1224 1589; x_wconf 86' lang='lat' dir='ltr'>nec</span> 
     </span>
     <span class='ocr_line' id='line_1_14' title="bbox 128 1621 1225 1706; baseline -0.002 -19"><span class='ocrx_word' id='word_1_122' title='bbox 128 1624 223 1687; x_wconf 76' lang='lat' dir='ltr'>virile</span> <span class='ocrx_word' id='word_1_123' title='bbox 240 1624 347 1687; x_wconf 85' lang='lat' dir='ltr'>cedere</span> <span class='ocrx_word' id='word_1_124' title='bbox 359 1622 517 1705; x_wconf 79' lang='lat' dir='ltr'>fortune,</span> <span class='ocrx_word' id='word_1_125' title='bbox 543 1630 573 1685; x_wconf 86' lang='lat' dir='ltr'>et</span> <span class='ocrx_word' id='word_1_126' title='bbox 597 1621 802 1685; x_wconf 80' lang='lat' dir='ltr'>imminentia</span> <span class='ocrx_word' id='word_1_127' title='bbox 824 1622 974 1697; x_wconf 80' lang='lat' dir='ltr'>edema,</span> <span class='ocrx_word' id='word_1_128' title='bbox 998 1644 1068 1703; x_wconf 78' lang='lat' dir='ltr'>quea</span> <span class='ocrx_word' id='word_1_129' title='bbox 1081 1624 1225 1706; x_wconf 84' lang='lat' dir='ltr'>fereada</span> 
     </span>
     <span class='ocr_line' id='line_1_15' title="bbox 120 1719 1379 1807; baseline 0.001 -21"><span class='ocrx_word' id='word_1_130' title='bbox 120 1723 260 1806; x_wconf 81' lang='lat' dir='ltr'>fortiter</span> <span class='ocrx_word' id='word_1_131' title='bbox 284 1730 389 1795; x_wconf 68' lang='lat' dir='ltr'>eant,</span> <span class='ocrx_word' id='word_1_132' title='bbox 416 1720 643 1803; x_wconf 55' lang='lat' dir='ltr'>subterfugere.</span> <span class='ocrx_word' id='word_1_133' title='bbox 708 1719 751 1783; x_wconf 86' lang='lat' dir='ltr'>Et</span> <span class='ocrx_word' id='word_1_134' title='bbox 781 1719 1001 1807; x_wconf 79' lang='lat' dir='ltr'>Megasthenes</span> <span class='ocrx_word' id='word_1_135' title='bbox 1027 1720 1157 1787; x_wconf 85' lang='lat' dir='ltr'>notabat</span> <span class='ocrx_word' id='word_1_136' title='bbox 1185 1722 1379 1828; x_wconf 62' lang='lat' dir='ltr'>abspnwve</span> 
     </span>
     <span class='ocr_line' id='line_1_16' title="bbox 129 1784 1250 1905; baseline 0.001 -21"><span class='ocrx_word' id='word_1_137' title='bbox 129 1818 280 1885; x_wconf 82' lang='lat' dir='ltr'><strong>Indorum</strong></span> <span class='ocrx_word' id='word_1_138' title='bbox 296 1817 487 1903; x_wconf 79' lang='lat' dir='ltr'>sapientibus</span> <span class='ocrx_word' id='word_1_139' title='bbox 508 1817 731 1904; x_wconf 89' lang='lat' dir='ltr'>reprehensum</span> <span class='ocrx_word' id='word_1_140' title='bbox 755 1818 864 1883; x_wconf 86' lang='lat' dir='ltr'>Catani</span> <span class='ocrx_word' id='word_1_141' title='bbox 880 1817 1005 1897; x_wconf 78' lang='lat' dir='ltr'>iactum,</span> <span class='ocrx_word' id='word_1_142' title='bbox 1028 1839 1128 1905; x_wconf 88' lang='lat' dir='ltr'>neque</span> <span class='ocrx_word' id='word_1_143' title='bbox 1145 1784 1250 1885; x_wconf 82' lang='lat' dir='ltr'>enim⁷</span> 
     </span>
     <span class='ocr_line' id='line_1_17' title="bbox 130 1915 1228 2008; baseline -0.001 -23"><span class='ocrx_word' id='word_1_144' title='bbox 130 1939 238 1985; x_wconf 89' lang='lat' dir='ltr'>coram</span> <span class='ocrx_word' id='word_1_145' title='bbox 253 1915 374 2004; x_wconf 89' lang='lat' dir='ltr'>placitis</span> <span class='ocrx_word' id='word_1_146' title='bbox 389 1915 517 2003; x_wconf 90' lang='lat' dir='ltr'>probari</span> <span class='ocrx_word' id='word_1_147' title='bbox 539 1916 653 1982; x_wconf 79' lang='lat' dir='ltr'>ltelem</span> <span class='ocrx_word' id='word_1_148' title='bbox 669 1915 786 1982; x_wconf 87' lang='lat' dir='ltr'>exitum</span> <span class='ocrx_word' id='word_1_149' title='bbox 802 1917 960 1983; x_wconf 91' lang='lat' dir='ltr'>hominum</span> <span class='ocrx_word' id='word_1_150' title='bbox 978 1917 1051 1984; x_wconf 83' lang='lat' dir='ltr'>vitae</span> <span class='ocrx_word' id='word_1_151' title='bbox 1066 1918 1228 2008; x_wconf 89' lang='lat' dir='ltr'>impatien-</span> 
     </span>
    </p>
   </div>
   <div class='ocr_carea' id='block_1_5' title="bbox 130 2094 1339 3347">
    <p class='ocr_par' dir='ltr' id='par_1_6' title="bbox 174 2094 1230 2156">
     <span class='ocr_line' id='line_1_18' title="bbox 174 2094 1230 2156; baseline 0 -13"><span class='ocrx_word' id='word_1_152' title='bbox 174 2096 296 2143; x_wconf 77' lang='lat' dir='ltr'>¹¹Passim</span> <span class='ocrx_word' id='word_1_153' title='bbox 304 2094 430 2155; x_wconf 61' lang='grc' dir='ltr'>παρίω]</span> <span class='ocrx_word' id='word_1_154' title='bbox 446 2096 549 2143; x_wconf 82' lang='lat' dir='ltr'>Athenis</span> <span class='ocrx_word' id='word_1_155' title='bbox 559 2096 656 2143; x_wconf 82' lang='lat' dir='ltr'>AEschi·</span> <span class='ocrx_word' id='word_1_156' title='bbox 704 2096 838 2156; x_wconf 79' lang='grc' dir='ltr'><strong><em>νατονθριὶ</em></strong></span> <span class='ocrx_word' id='word_1_157' title='bbox 839 2114 890 2155; x_wconf 84' lang='grc' dir='ltr'><strong>σοι,</strong></span> <span class='ocrx_word' id='word_1_158' title='bbox 905 2094 1230 2156; x_wconf 73' lang='grc' dir='ltr'><strong>ἆνόητοντοῦτιδριιστη-</strong></span> 
     </span>
    </p>

    <p class='ocr_par' dir='ltr' id='par_1_7' title="bbox 130 2162 1231 2454">
     <span class='ocr_line' id='line_1_19' title="bbox 130 2162 1230 2231; baseline -0.001 -13"><span class='ocrx_word' id='word_1_159' title='bbox 130 2171 169 2218; x_wconf 83' lang='lat' dir='ltr'>nis</span> <span class='ocrx_word' id='word_1_160' title='bbox 192 2176 301 2231; x_wconf 82' lang='lat' dir='ltr'>tempere</span> <span class='ocrx_word' id='word_1_161' title='bbox 321 2169 373 2230; x_wconf 83' lang='lat' dir='ltr'>ejus</span> <span class='ocrx_word' id='word_1_162' title='bbox 392 2169 434 2228; x_wconf 88' lang='lat' dir='ltr'>qui</span> <span class='ocrx_word' id='word_1_163' title='bbox 453 2183 479 2215; x_wconf 91' lang='lat' dir='ltr'>se</span> <span class='ocrx_word' id='word_1_164' title='bbox 498 2162 656 2216; x_wconf 69' lang='lat' dir='ltr'>interfecisset</span> <span class='ocrx_word' id='word_1_165' title='bbox 703 2170 758 2228; x_wconf 87' lang='grc' dir='ltr'>ριόν</span> <span class='ocrx_word' id='word_1_166' title='bbox 745 2171 842 2230; x_wconf 81' lang='grc' dir='ltr'><strong><em>νσπρό</em></strong></span> <span class='ocrx_word' id='word_1_167' title='bbox 826 2188 912 2231; x_wconf 82' lang='grc' dir='ltr'><strong>σχημιι</strong></span> <span class='ocrx_word' id='word_1_168' title='bbox 928 2174 972 2217; x_wconf 81' lang='grc' dir='ltr'>οὐκ</span> <span class='ocrx_word' id='word_1_169' title='bbox 987 2172 1166 2230; x_wconf 73' lang='grc' dir='ltr'><strong>ιύπρεπὲιπιι</strong></span> <span class='ocrx_word' id='word_1_170' title='bbox 1124 2176 1230 2229; x_wconf 78' lang='grc' dir='ltr'><strong>τοῖιγι</strong></span> 
     </span>
     <span class='ocr_line' id='line_1_20' title="bbox 130 2244 1202 2304; baseline -0.003 -11"><span class='ocrx_word' id='word_1_171' title='bbox 130 2260 216 2293; x_wconf 79' lang='lat' dir='ltr'>munus</span> <span class='ocrx_word' id='word_1_172' title='bbox 232 2245 331 2291; x_wconf 86' lang='lat' dir='ltr'>seorsim</span> <span class='ocrx_word' id='word_1_173' title='bbox 344 2259 359 2290; x_wconf 91' lang='lat' dir='ltr'>u</span> <span class='ocrx_word' id='word_1_174' title='bbox 373 2258 473 2304; x_wconf 88' lang='lat' dir='ltr'>corpore</span> <span class='ocrx_word' id='word_1_175' title='bbox 486 2245 655 2304; x_wconf 77' lang='lat' dir='ltr'>sepeliebatur.</span> <span class='ocrx_word' id='word_1_176' title='bbox 704 2245 793 2303; x_wconf 77' lang='grc' dir='ltr'><strong>σώφριι</strong></span> <span class='ocrx_word' id='word_1_177' title='bbox 796 2247 997 2292; x_wconf 66' lang='lat' dir='ltr'>meinrardum.</span> <span class='ocrx_word' id='word_1_178' title='bbox 1010 2263 1041 2291; x_wconf 82' lang='grc' dir='ltr'>κιι</span> <span class='ocrx_word' id='word_1_179' title='bbox 1044 2246 1128 2290; x_wconf 74' lang='grc' dir='ltr'><strong>ίτοικ</strong></span> <span class='ocrx_word' id='word_1_180' title='bbox 1131 2244 1202 2290; x_wconf 65' lang='lat' dir='ltr'>ml</span> 
     </span>
     <span class='ocr_line' id='line_1_21' title="bbox 131 2318 1230 2380; baseline -0.005 -12"><span class='ocrx_word' id='word_1_181' title='bbox 131 2318 557 2380; x_wconf 64' lang='lat' dir='ltr'>AEschiuesinCtesipbeuteMpng.</span> <span class='ocrx_word' id='word_1_182' title='bbox 566 2318 722 2376; x_wconf 66' lang='lat' dir='ltr'>ediles)</span> <span class='ocrx_word' id='word_1_183' title='bbox 723 2319 862 2377; x_wconf 61' lang='lat' dir='ltr'>verumne</span> <span class='ocrx_word' id='word_1_184' title='bbox 863 2318 922 2364; x_wconf 75' lang='lat' dir='ltr'>siim</span> <span class='ocrx_word' id='word_1_185' title='bbox 896 2335 993 2378; x_wconf 75' lang='grc' dir='ltr'><strong>ιιιχριι,</strong></span> <span class='ocrx_word' id='word_1_186' title='bbox 1003 2318 1078 2377; x_wconf 73' lang='grc' dir='ltr'><strong>μήτι</strong></span> <span class='ocrx_word' id='word_1_187' title='bbox 1050 2318 1181 2375; x_wconf 57' lang='lat' dir='ltr'>mutto</span> <span class='ocrx_word' id='word_1_188' title='bbox 1195 2319 1230 2362; x_wconf 78' lang='lat' dir='ltr'>etc</span> 
     </span>
     <span class='ocr_line' id='line_1_22' title="bbox 131 2390 1231 2454; baseline -0.007 -12"><span class='ocrx_word' id='word_1_189' title='bbox 131 2394 202 2442; x_wconf 79' lang='lat' dir='ltr'>Adde</span> <span class='ocrx_word' id='word_1_190' title='bbox 211 2394 375 2454; x_wconf 83' lang='lat' dir='ltr'>llegesrppum</span> <span class='ocrx_word' id='word_1_191' title='bbox 386 2393 439 2440; x_wconf 84' lang='lat' dir='ltr'>Lrb.</span> <span class='ocrx_word' id='word_1_192' title='bbox 450 2406 489 2439; x_wconf 83' lang='lat'>111.</span> <span class='ocrx_word' id='word_1_193' title='bbox 500 2407 551 2453; x_wconf 87' lang='lat' dir='ltr'>cap.</span> <span class='ocrx_word' id='word_1_194' title='bbox 565 2396 602 2441; x_wconf 85' lang='lat'>17.</span> <span class='ocrx_word' id='word_1_195' title='bbox 704 2392 737 2436; x_wconf 81' lang='grc' dir='ltr'>τὸ</span> <span class='ocrx_word' id='word_1_196' title='bbox 757 2390 824 2436; x_wconf 79' lang='grc' dir='ltr'><strong><em>θεῖον</em></strong></span> <span class='ocrx_word' id='word_1_197' title='bbox 812 2391 893 2451; x_wconf 82' lang='grc' dir='ltr'>νιὶγν</span> <span class='ocrx_word' id='word_1_198' title='bbox 894 2409 960 2449; x_wconf 81' lang='grc' dir='ltr'><strong><em>ωονμ</em></strong></span> <span class='ocrx_word' id='word_1_199' title='bbox 962 2397 1006 2447; x_wconf 72' lang='lat' dir='ltr'>eiu,</span> <span class='ocrx_word' id='word_1_200' title='bbox 1026 2391 1072 2438; x_wconf 75' lang='lat' dir='ltr'>duc.</span> <span class='ocrx_word' id='word_1_201' title='bbox 1113 2390 1231 2435; x_wconf 71' lang='lat' dir='ltr'>Violentus</span> 
     </span>
    </p>

    <p class='ocr_par' dir='ltr' id='par_1_8' title="bbox 131 2465 1339 2676">
     <span class='ocr_line' id='line_1_23' title="bbox 176 2465 1230 2525; baseline -0.006 -8"><span class='ocrx_word' id='word_1_202' title='bbox 176 2469 184 2499; x_wconf 87' lang='lat'><strong>¹</strong></span> <span class='ocrx_word' id='word_1_203' title='bbox 201 2470 292 2517; x_wconf 74' lang='lat' dir='ltr'>eomer</span> <span class='ocrx_word' id='word_1_204' title='bbox 306 2468 519 2515; x_wconf 78' lang='lat' dir='ltr'>Pueesuoarrurs</span> <span class='ocrx_word' id='word_1_205' title='bbox 540 2472 656 2524; x_wconf 87' lang='lat' dir='ltr'>nostrum,</span> <span class='ocrx_word' id='word_1_206' title='bbox 704 2467 757 2512; x_wconf 73' lang='lat' dir='ltr'>citu</span> <span class='ocrx_word' id='word_1_207' title='bbox 767 2467 844 2512; x_wconf 69' lang='lat' dir='ltr'>esitus</span> <span class='ocrx_word' id='word_1_208' title='bbox 854 2481 892 2512; x_wconf 83' lang='lat' dir='ltr'>res</span> <span class='ocrx_word' id='word_1_209' title='bbox 902 2467 1024 2512; x_wconf 80' lang='lat' dir='ltr'>inutiliset</span> <span class='ocrx_word' id='word_1_210' title='bbox 1029 2466 1103 2525; x_wconf 84' lang='lat' dir='ltr'>pleae</span> <span class='ocrx_word' id='word_1_211' title='bbox 1116 2465 1230 2525; x_wconf 75' lang='lat' dir='ltr'>iusipien-</span> 
     </span>
     <span class='ocr_line' id='line_1_24' title="bbox 131 2540 1231 2601; baseline -0.006 -9"><span class='ocrx_word' id='word_1_212' title='bbox 131 2543 242 2592; x_wconf 77' lang='lat' dir='ltr'>DeJm</span> <span class='ocrx_word' id='word_1_213' title='bbox 252 2541 420 2591; x_wconf 79' lang='lat' dir='ltr'>Net.etGeat.</span> <span class='ocrx_word' id='word_1_214' title='bbox 431 2541 486 2588; x_wconf 85' lang='lat' dir='ltr'>Lib.</span> <span class='ocrx_word' id='word_1_215' title='bbox 496 2553 525 2587; x_wconf 88' lang='lat'>11.</span> <span class='ocrx_word' id='word_1_216' title='bbox 536 2556 557 2588; x_wconf 92' lang='lat' dir='ltr'>c.</span> <span class='ocrx_word' id='word_1_217' title='bbox 567 2540 656 2600; x_wconf 72' lang='grc'><strong>4.519.</strong></span> <span class='ocrx_word' id='word_1_218' title='bbox 704 2542 736 2587; x_wconf 81' lang='lat' dir='ltr'>tis</span> <span class='ocrx_word' id='word_1_219' title='bbox 746 2541 850 2601; x_wconf 83' lang='lat' dir='ltr'>impetus,</span> <span class='ocrx_word' id='word_1_220' title='bbox 860 2547 882 2588; x_wconf 84' lang='lat' dir='ltr'>et</span> <span class='ocrx_word' id='word_1_221' title='bbox 892 2541 937 2587; x_wconf 84' lang='lat' dir='ltr'>illa</span> <span class='ocrx_word' id='word_1_222' title='bbox 947 2542 972 2585; x_wconf 87' lang='lat' dir='ltr'>in</span> <span class='ocrx_word' id='word_1_223' title='bbox 983 2546 1077 2586; x_wconf 76' lang='lat' dir='ltr'>mortem</span> <span class='ocrx_word' id='word_1_224' title='bbox 1085 2541 1170 2600; x_wconf 83' lang='lat' dir='ltr'>serens</span> <span class='ocrx_word' id='word_1_225' title='bbox 1185 2554 1231 2585; x_wconf 83' lang='grc' dir='ltr'><strong>ιιιι-</strong></span> 
     </span>
     <span class='ocr_line' id='line_1_25' title="bbox 131 2617 1339 2676; baseline -0.002 -11"><span class='ocrx_word' id='word_1_226' title='bbox 131 2619 159 2666; x_wconf 84' lang='lat' dir='ltr'>J.</span> <span class='ocrx_word' id='word_1_227' title='bbox 170 2621 203 2667; x_wconf 82' lang='lat' dir='ltr'>B.</span> <span class='ocrx_word' id='word_1_228' title='bbox 705 2618 894 2675; x_wconf 68' lang='lat' dir='ltr'>declamandis</span> <span class='ocrx_word' id='word_1_229' title='bbox 905 2631 956 2663; x_wconf 82' lang='lat' dir='ltr'>eum</span> <span class='ocrx_word' id='word_1_230' title='bbox 971 2622 1061 2674; x_wconf 80' lang='lat' dir='ltr'>cureat,</span> <span class='ocrx_word' id='word_1_231' title='bbox 1076 2617 1231 2676; x_wconf 67' lang='lat' dir='ltr'>prudentibus</span> <span class='ocrx_word' id='word_1_232' title='bbox 1335 2662 1339 2669; x_wconf 85' lang='grc'>,</span> 
     </span>
    </p>

    <p class='ocr_par' dir='ltr' id='par_1_9' title="bbox 131 2692 1232 3347">
     <span class='ocr_line' id='line_1_26' title="bbox 175 2692 1230 2757; baseline -0.008 -16"><span class='ocrx_word' id='word_1_233' title='bbox 175 2702 188 2726; x_wconf 83' lang='lat'>¹</span> <span class='ocrx_word' id='word_1_234' title='bbox 201 2692 380 2753; x_wconf 75' lang='lat' dir='ltr'>Dmurerut]</span> <span class='ocrx_word' id='word_1_235' title='bbox 407 2694 441 2740; x_wconf 85' lang='lat' dir='ltr'>Et</span> <span class='ocrx_word' id='word_1_236' title='bbox 457 2693 656 2753; x_wconf 83' lang='lat' dir='ltr'>Philosophorum</span> <span class='ocrx_word' id='word_1_237' title='bbox 698 2692 826 2757; x_wconf 74' lang='lat' dir='ltr'>judicetur</span> <span class='ocrx_word' id='word_1_238' title='bbox 841 2693 954 2738; x_wconf 78' lang='lat' dir='ltr'>immerito</span> <span class='ocrx_word' id='word_1_239' title='bbox 963 2693 1011 2739; x_wconf 80' lang='lat' dir='ltr'>sibi</span> <span class='ocrx_word' id='word_1_240' title='bbox 1017 2692 1173 2753; x_wconf 77' lang='lat' dir='ltr'>fortitudinis</span> <span class='ocrx_word' id='word_1_241' title='bbox 1187 2706 1230 2738; x_wconf 84' lang='lat' dir='ltr'>aa.</span> 
     </span>
     <span class='ocr_line' id='line_1_27' title="bbox 132 2765 1232 2829; baseline -0.004 -14"><span class='ocrx_word' id='word_1_242' title='bbox 132 2783 180 2815; x_wconf 90' lang='lat' dir='ltr'>nou</span> <span class='ocrx_word' id='word_1_243' title='bbox 190 2768 261 2829; x_wconf 81' lang='lat' dir='ltr'>pauci</span> <span class='ocrx_word' id='word_1_244' title='bbox 271 2774 340 2814; x_wconf 81' lang='lat' dir='ltr'>extra</span> <span class='ocrx_word' id='word_1_245' title='bbox 349 2768 451 2814; x_wconf 82' lang='lat' dir='ltr'>Stoicos.</span> <span class='ocrx_word' id='word_1_246' title='bbox 480 2766 572 2813; x_wconf 79' lang='lat' dir='ltr'>Seneca</span> <span class='ocrx_word' id='word_1_247' title='bbox 586 2767 655 2826; x_wconf 83' lang='lat' dir='ltr'>epist.</span> <span class='ocrx_word' id='word_1_248' title='bbox 704 2781 888 2827; x_wconf 73' lang='lat' dir='ltr'>musurpnre.</span> <span class='ocrx_word' id='word_1_249' title='bbox 922 2766 981 2813; x_wconf 84' lang='grc' dir='ltr'><strong>Τιιιι</strong></span> <span class='ocrx_word' id='word_1_250' title='bbox 994 2782 1049 2813; x_wconf 80' lang='lat' dir='ltr'>aero</span> <span class='ocrx_word' id='word_1_251' title='bbox 1064 2765 1232 2826; x_wconf 69' lang='lat' dir='ltr'>stilletis-aqi-</span> 
     </span>
     <span class='ocr_line' id='line_1_28' title="bbox 131 2841 1229 2902; baseline -0.003 -11"><span class='ocrx_word' id='word_1_252' title='bbox 131 2858 196 2892; x_wconf 69' lang='grc' dir='ltr'><strong>ιιι.</strong></span> <span class='ocrx_word' id='word_1_253' title='bbox 224 2842 332 2889; x_wconf 72' lang='lat' dir='ltr'>Invenies</span> <span class='ocrx_word' id='word_1_254' title='bbox 345 2842 416 2888; x_wconf 75' lang='lat' dir='ltr'>etium</span> <span class='ocrx_word' id='word_1_255' title='bbox 426 2841 548 2901; x_wconf 78' lang='lat' dir='ltr'>proseewe</span> <span class='ocrx_word' id='word_1_256' title='bbox 562 2842 656 2900; x_wconf 78' lang='lat' dir='ltr'>snpien-</span> <span class='ocrx_word' id='word_1_257' title='bbox 706 2842 846 2898; x_wconf 57' lang='lat' dir='ltr'>landarum</span> <span class='ocrx_word' id='word_1_258' title='bbox 855 2842 880 2886; x_wconf 87' lang='lat' dir='ltr'>in</span> <span class='ocrx_word' id='word_1_259' title='bbox 890 2842 968 2888; x_wconf 85' lang='lat' dir='ltr'>Deum</span> <span class='ocrx_word' id='word_1_260' title='bbox 977 2842 1031 2888; x_wconf 79' lang='lat' dir='ltr'>sitia</span> <span class='ocrx_word' id='word_1_261' title='bbox 1040 2841 1138 2902; x_wconf 65' lang='lat' dir='ltr'>ingrati.</span> <span class='ocrx_word' id='word_1_262' title='bbox 1151 2841 1229 2901; x_wconf 73' lang='lat' dir='ltr'>(Hac.</span> 
     </span>
     <span class='ocr_line' id='line_1_29' title="bbox 132 2915 900 2978; baseline -0.009 -11"><span class='ocrx_word' id='word_1_263' title='bbox 132 2920 198 2976; x_wconf 66' lang='lat' dir='ltr'>aas,</span> <span class='ocrx_word' id='word_1_264' title='bbox 215 2918 256 2978; x_wconf 75' lang='lat' dir='ltr'>qut</span> <span class='ocrx_word' id='word_1_265' title='bbox 267 2918 314 2963; x_wconf 79' lang='lat' dir='ltr'>cim</span> <span class='ocrx_word' id='word_1_266' title='bbox 328 2916 472 2977; x_wconf 73' lang='lat' dir='ltr'>affluendum</span> <span class='ocrx_word' id='word_1_267' title='bbox 486 2916 538 2961; x_wconf 77' lang='lat' dir='ltr'>rite</span> <span class='ocrx_word' id='word_1_268' title='bbox 553 2930 602 2962; x_wconf 79' lang='lat' dir='ltr'>sues</span> <span class='ocrx_word' id='word_1_269' title='bbox 616 2928 657 2961; x_wconf 80' lang='lat' dir='ltr'>se·</span> <span class='ocrx_word' id='word_1_270' title='bbox 706 2916 778 2962; x_wconf 82' lang='lat' dir='ltr'>Miac.</span> <span class='ocrx_word' id='word_1_271' title='bbox 789 2930 842 2975; x_wconf 89' lang='lat' dir='ltr'>cap.</span> <span class='ocrx_word' id='word_1_272' title='bbox 853 2915 900 2975; x_wconf 79' lang='lat'>12.)</span> 
     </span>
     <span class='ocr_line' id='line_1_30' title="bbox 132 2990 1230 3053; baseline -0.005 -14"><span class='ocrx_word' id='word_1_273' title='bbox 132 2998 193 3053; x_wconf 74' lang='lat' dir='ltr'>qest,</span> <span class='ocrx_word' id='word_1_274' title='bbox 206 2996 229 3039; x_wconf 79' lang='lat' dir='ltr'>ec</span> <span class='ocrx_word' id='word_1_275' title='bbox 242 2992 311 3051; x_wconf 70' lang='lat' dir='ltr'>nefus</span> <span class='ocrx_word' id='word_1_276' title='bbox 319 2990 426 3049; x_wconf 80' lang='lat' dir='ltr'>judicent</span> <span class='ocrx_word' id='word_1_277' title='bbox 440 2991 516 3049; x_wconf 75' lang='lat' dir='ltr'>ipsum</span> <span class='ocrx_word' id='word_1_278' title='bbox 525 2990 657 3036; x_wconf 67' lang='lat' dir='ltr'>interm-</span> <span class='ocrx_word' id='word_1_279' title='bbox 750 2998 760 3033; x_wconf 74' lang='lat' dir='ltr'>t</span> <span class='ocrx_word' id='word_1_280' title='bbox 775 2990 854 3036; x_wconf 79' lang='lat' dir='ltr'>Talem</span> <span class='ocrx_word' id='word_1_281' title='bbox 864 2990 950 3036; x_wconf 72' lang='lat' dir='ltr'>exilum</span> <span class='ocrx_word' id='word_1_282' title='bbox 961 2991 1078 3036; x_wconf 72' lang='lat' dir='ltr'>hominm</span> <span class='ocrx_word' id='word_1_283' title='bbox 1087 2990 1141 3035; x_wconf 76' lang='lat' dir='ltr'>uita</span> <span class='ocrx_word' id='word_1_284' title='bbox 1151 2990 1230 3047; x_wconf 80' lang='lat' dir='ltr'>impa-</span> 
     </span>
     <span class='ocr_line' id='line_1_31' title="bbox 132 3062 1231 3126; baseline -0.006 -12"><span class='ocrx_word' id='word_1_285' title='bbox 132 3066 297 3126; x_wconf 74' lang='lat' dir='ltr'>remsuifieri.</span> <span class='ocrx_word' id='word_1_286' title='bbox 328 3063 658 3125; x_wconf 74' lang='lat' dir='ltr'>Espectnadummeeaeitum</span> <span class='ocrx_word' id='word_1_287' title='bbox 705 3062 821 3121; x_wconf 84' lang='lat' dir='ltr'>tieatium]</span> <span class='ocrx_word' id='word_1_288' title='bbox 848 3064 915 3109; x_wconf 88' lang='lat' dir='ltr'>Idem</span> <span class='ocrx_word' id='word_1_289' title='bbox 937 3064 1056 3109; x_wconf 82' lang='lat' dir='ltr'>Arabibus</span> <span class='ocrx_word' id='word_1_290' title='bbox 1076 3064 1160 3121; x_wconf 88' lang='lat' dir='ltr'>visum,</span> <span class='ocrx_word' id='word_1_291' title='bbox 1182 3077 1231 3108; x_wconf 91' lang='lat' dir='ltr'>nou</span> 
     </span>
     <span class='ocr_line' id='line_1_32' title="bbox 132 3134 1230 3203; baseline -0.005 -15"><span class='ocrx_word' id='word_1_292' title='bbox 132 3146 296 3203; x_wconf 71' lang='grc' dir='ltr'><strong>φιιιιιιανιινιι</strong></span> <span class='ocrx_word' id='word_1_293' title='bbox 308 3141 417 3188; x_wconf 63' lang='lat' dir='ltr'>meets.</span> <span class='ocrx_word' id='word_1_294' title='bbox 448 3139 580 3197; x_wconf 84' lang='lat' dir='ltr'>Procopius</span> <span class='ocrx_word' id='word_1_295' title='bbox 598 3137 656 3184; x_wconf 85' lang='lat' dir='ltr'>Get·</span> <span class='ocrx_word' id='word_1_296' title='bbox 706 3138 784 3182; x_wconf 89' lang='lat' dir='ltr'>minus</span> <span class='ocrx_word' id='word_1_297' title='bbox 799 3150 869 3195; x_wconf 86' lang='lat' dir='ltr'>quam</span> <span class='ocrx_word' id='word_1_298' title='bbox 889 3138 956 3183; x_wconf 90' lang='lat' dir='ltr'>Indis</span> <span class='ocrx_word' id='word_1_299' title='bbox 973 3142 998 3183; x_wconf 90' lang='lat' dir='ltr'>et</span> <span class='ocrx_word' id='word_1_300' title='bbox 1012 3136 1100 3192; x_wconf 88' lang='lat' dir='ltr'>Persis,</span> <span class='ocrx_word' id='word_1_301' title='bbox 1114 3150 1144 3182; x_wconf 84' lang='lat' dir='ltr'>ex</span> <span class='ocrx_word' id='word_1_302' title='bbox 1163 3134 1230 3183; x_wconf 84' lang='lat' dir='ltr'>Jobo</span> 
     </span>
     <span class='ocr_line' id='line_1_33' title="bbox 133 3210 885 3275; baseline -0.008 -12"><span class='ocrx_word' id='word_1_303' title='bbox 133 3217 248 3263; x_wconf 67' lang='lat' dir='ltr'>dicans</span> <span class='ocrx_word' id='word_1_304' title='bbox 258 3229 292 3263; x_wconf 72' lang='grc' dir='ltr'><strong>ιν.</strong></span> <span class='ocrx_word' id='word_1_305' title='bbox 307 3216 389 3275; x_wconf 72' lang='grc' dir='ltr'><strong>βίαιοι</strong></span> <span class='ocrx_word' id='word_1_306' title='bbox 398 3211 569 3270; x_wconf 67' lang='grc' dir='ltr'>ιιιιτιισνριιφη1</span> <span class='ocrx_word' id='word_1_307' title='bbox 578 3210 657 3270; x_wconf 76' lang='grc' dir='ltr'><strong><em>ιῖχρη-</em></strong></span> <span class='ocrx_word' id='word_1_308' title='bbox 707 3212 784 3259; x_wconf 77' lang='lat' dir='ltr'>tieem</span> <span class='ocrx_word' id='word_1_309' title='bbox 795 3224 836 3257; x_wconf 82' lang='grc' dir='ltr'><strong>ιιι.</strong></span> <span class='ocrx_word' id='word_1_310' title='bbox 847 3214 885 3257; x_wconf 77' lang='lat'>21.</span> 
     </span>
     <span class='ocr_line' id='line_1_34' title="bbox 133 3285 658 3347; baseline -0.01 -9"><span class='ocrx_word' id='word_1_311' title='bbox 133 3308 194 3338; x_wconf 80' lang='grc' dir='ltr'><strong>στοι</strong></span> <span class='ocrx_word' id='word_1_312' title='bbox 204 3290 245 3337; x_wconf 79' lang='grc' dir='ltr'>καὶ</span> <span class='ocrx_word' id='word_1_313' title='bbox 254 3290 326 3337; x_wconf 77' lang='grc' dir='ltr'><strong>ἄνοια</strong></span> <span class='ocrx_word' id='word_1_314' title='bbox 336 3287 476 3347; x_wconf 70' lang='lat' dir='ltr'>superestis,</span> <span class='ocrx_word' id='word_1_315' title='bbox 487 3287 518 3333; x_wconf 84' lang='grc' dir='ltr'>τὸ</span> <span class='ocrx_word' id='word_1_316' title='bbox 529 3287 554 3333; x_wconf 78' lang='lat' dir='ltr'>dl</span> <span class='ocrx_word' id='word_1_317' title='bbox 567 3287 602 3332; x_wconf 82' lang='lat' dir='ltr'>cis</span> <span class='ocrx_word' id='word_1_318' title='bbox 614 3285 658 3333; x_wconf 79' lang='lat' dir='ltr'>eu&#39;-</span> 
     </span>
    </p>
   </div>
   <div class='ocr_carea' id='block_1_6' title="bbox 131 3535 1233 4466">
    <p class='ocr_par' dir='ltr' id='par_1_10' title="bbox 133 3535 811 3608">
     <span class='ocr_line' id='line_1_35' title="bbox 133 3535 811 3608; baseline 0.003 -18"><span class='ocrx_word' id='word_1_319' title='bbox 133 3536 245 3593; x_wconf 79' lang='lat' dir='ltr'>whatis</span> <span class='ocrx_word' id='word_1_320' title='bbox 262 3537 336 3592; x_wconf 90' lang='lat' dir='ltr'>done</span> <span class='ocrx_word' id='word_1_321' title='bbox 351 3542 381 3592; x_wconf 88' lang='lat' dir='ltr'>to</span> <span class='ocrx_word' id='word_1_322' title='bbox 396 3535 446 3592; x_wconf 92' lang='lat' dir='ltr'>the</span> <span class='ocrx_word' id='word_1_323' title='bbox 460 3536 531 3592; x_wconf 89' lang='lat' dir='ltr'>dead</span> <span class='ocrx_word' id='word_1_324' title='bbox 544 3536 638 3591; x_wconf 88' lang='lat' dir='ltr'>deters</span> <span class='ocrx_word' id='word_1_325' title='bbox 653 3536 702 3591; x_wconf 91' lang='lat' dir='ltr'>the</span> <span class='ocrx_word' id='word_1_326' title='bbox 714 3536 811 3608; x_wconf 80' lang='lat' dir='ltr'>living.</span> 
     </span>
    </p>

    <p class='ocr_par' dir='ltr' id='par_1_11' title="bbox 131 3620 1233 4466">
     <span class='ocr_line' id='line_1_36' title="bbox 186 3620 1232 3693; baseline 0.002 -16"><span class='ocrx_word' id='word_1_327' title='bbox 186 3629 204 3677; x_wconf 79' lang='lat'><strong>2</strong></span> <span class='ocrx_word' id='word_1_328' title='bbox 226 3622 287 3677; x_wconf 89' lang='lat' dir='ltr'>The</span> <span class='ocrx_word' id='word_1_329' title='bbox 306 3623 459 3678; x_wconf 86' lang='lat' dir='ltr'>Platoniste</span> <span class='ocrx_word' id='word_1_330' title='bbox 474 3622 581 3693; x_wconf 80' lang='lat' dir='ltr'>argued</span> <span class='ocrx_word' id='word_1_331' title='bbox 598 3622 668 3685; x_wconf 91' lang='lat' dir='ltr'>well,</span> <span class='ocrx_word' id='word_1_332' title='bbox 682 3624 791 3693; x_wconf 84' lang='lat' dir='ltr'>against</span> <span class='ocrx_word' id='word_1_333' title='bbox 810 3621 859 3677; x_wconf 91' lang='lat' dir='ltr'>tho</span> <span class='ocrx_word' id='word_1_334' title='bbox 878 3620 970 3677; x_wconf 85' lang='lat' dir='ltr'>Stoies</span> <span class='ocrx_word' id='word_1_335' title='bbox 984 3620 1040 3675; x_wconf 88' lang='lat' dir='ltr'>and</span> <span class='ocrx_word' id='word_1_336' title='bbox 1059 3620 1154 3677; x_wconf 88' lang='lat' dir='ltr'>others</span> <span class='ocrx_word' id='word_1_337' title='bbox 1169 3621 1232 3679; x_wconf 86' lang='lat' dir='ltr'>who</span> 
     </span>
     <span class='ocr_line' id='line_1_37' title="bbox 133 3706 1233 3779; baseline 0 -16"><span class='ocrx_word' id='word_1_338' title='bbox 133 3707 254 3778; x_wconf 80' lang='lat' dir='ltr'>thought</span> <span class='ocrx_word' id='word_1_339' title='bbox 268 3706 331 3763; x_wconf 86' lang='lat' dir='ltr'>thet</span> <span class='ocrx_word' id='word_1_340' title='bbox 342 3708 392 3763; x_wconf 91' lang='lat' dir='ltr'>the</span> <span class='ocrx_word' id='word_1_341' title='bbox 409 3708 482 3763; x_wconf 89' lang='lat' dir='ltr'>need</span> <span class='ocrx_word' id='word_1_342' title='bbox 494 3707 527 3762; x_wconf 84' lang='lat' dir='ltr'>of</span> <span class='ocrx_word' id='word_1_343' title='bbox 539 3723 556 3761; x_wconf 89' lang='lat' dir='ltr'>a</span> <span class='ocrx_word' id='word_1_344' title='bbox 570 3707 669 3779; x_wconf 80' lang='lat' dir='ltr'>refuge</span> <span class='ocrx_word' id='word_1_345' title='bbox 686 3708 761 3763; x_wconf 81' lang='lat' dir='ltr'>from</span> <span class='ocrx_word' id='word_1_346' title='bbox 779 3707 888 3778; x_wconf 83' lang='lat' dir='ltr'>slavery</span> <span class='ocrx_word' id='word_1_347' title='bbox 905 3707 962 3761; x_wconf 89' lang='lat' dir='ltr'>and</span> <span class='ocrx_word' id='word_1_348' title='bbox 975 3706 1092 3771; x_wconf 89' lang='lat' dir='ltr'>diseaso,</span> <span class='ocrx_word' id='word_1_349' title='bbox 1111 3709 1167 3763; x_wconf 88' lang='lat' dir='ltr'>aud</span> <span class='ocrx_word' id='word_1_350' title='bbox 1182 3709 1233 3763; x_wconf 91' lang='lat' dir='ltr'>the</span> 
     </span>
     <span class='ocr_line' id='line_1_38' title="bbox 132 3792 1232 3865; baseline 0.002 -19"><span class='ocrx_word' id='word_1_351' title='bbox 132 3792 208 3864; x_wconf 89' lang='lat' dir='ltr'>hope</span> <span class='ocrx_word' id='word_1_352' title='bbox 227 3794 261 3848; x_wconf 86' lang='lat' dir='ltr'>of</span> <span class='ocrx_word' id='word_1_353' title='bbox 274 3793 363 3865; x_wconf 84' lang='lat' dir='ltr'>glory‚</span> <span class='ocrx_word' id='word_1_354' title='bbox 377 3810 450 3849; x_wconf 89' lang='lat' dir='ltr'>wore</span> <span class='ocrx_word' id='word_1_355' title='bbox 466 3796 526 3865; x_wconf 85' lang='lat' dir='ltr'>just</span> <span class='ocrx_word' id='word_1_356' title='bbox 540 3810 636 3847; x_wconf 89' lang='lat' dir='ltr'>causes</span> <span class='ocrx_word' id='word_1_357' title='bbox 654 3794 686 3847; x_wconf 85' lang='lat' dir='ltr'>of</span> <span class='ocrx_word' id='word_1_358' title='bbox 701 3809 719 3846; x_wconf 90' lang='lat' dir='ltr'>a</span> <span class='ocrx_word' id='word_1_359' title='bbox 734 3794 880 3864; x_wconf 78' lang='lat' dir='ltr'>voluntnry</span> <span class='ocrx_word' id='word_1_360' title='bbox 892 3792 986 3847; x_wconf 80' lang='lat' dir='ltr'>death</span> <span class='ocrx_word' id='word_1_361' title='bbox 1023 3792 1102 3865; x_wconf 79' lang='lat' dir='ltr'>They</span> <span class='ocrx_word' id='word_1_362' title='bbox 1114 3793 1232 3865; x_wconf 69' lang='lat' dir='ltr'>raptres,</span> 
     </span>
     <span class='ocr_line' id='line_1_39' title="bbox 133 3877 1233 3950; baseline 0.001 -18"><span class='ocrx_word' id='word_1_363' title='bbox 133 3877 196 3934; x_wconf 85' lang='lat' dir='ltr'>that</span> <span class='ocrx_word' id='word_1_364' title='bbox 209 3878 260 3934; x_wconf 93' lang='lat' dir='ltr'>the</span> <span class='ocrx_word' id='word_1_365' title='bbox 273 3880 336 3934; x_wconf 90' lang='lat' dir='ltr'>seul</span> <span class='ocrx_word' id='word_1_366' title='bbox 353 3890 429 3934; x_wconf 89' lang='lat' dir='ltr'>must</span> <span class='ocrx_word' id='word_1_367' title='bbox 442 3879 550 3934; x_wconf 88' lang='lat' dir='ltr'>romain</span> <span class='ocrx_word' id='word_1_368' title='bbox 572 3884 602 3933; x_wconf 92' lang='lat' dir='ltr'>at</span> <span class='ocrx_word' id='word_1_369' title='bbox 620 3881 655 3933; x_wconf 89' lang='lat' dir='ltr'>its</span> <span class='ocrx_word' id='word_1_370' title='bbox 670 3885 734 3950; x_wconf 90' lang='lat' dir='ltr'>post</span> <span class='ocrx_word' id='word_1_371' title='bbox 746 3880 776 3931; x_wconf 91' lang='lat' dir='ltr'>iu</span> <span class='ocrx_word' id='word_1_372' title='bbox 790 3878 839 3933; x_wconf 91' lang='lat' dir='ltr'>the</span> <span class='ocrx_word' id='word_1_373' title='bbox 853 3878 937 3950; x_wconf 80' lang='lat' dir='ltr'>body,</span> <span class='ocrx_word' id='word_1_374' title='bbox 952 3878 1009 3932; x_wconf 89' lang='lat' dir='ltr'>and</span> <span class='ocrx_word' id='word_1_375' title='bbox 1023 3878 1086 3932; x_wconf 87' lang='lat' dir='ltr'>that</span> <span class='ocrx_word' id='word_1_376' title='bbox 1100 3896 1141 3933; x_wconf 86' lang='lat' dir='ltr'>we</span> <span class='ocrx_word' id='word_1_377' title='bbox 1156 3888 1233 3933; x_wconf 85' lang='lat' dir='ltr'>must</span> 
     </span>
     <span class='ocr_line' id='line_1_40' title="bbox 133 3963 1232 4034; baseline 0 -17"><span class='ocrx_word' id='word_1_378' title='bbox 133 3970 184 4020; x_wconf 89' lang='lat' dir='ltr'>not</span> <span class='ocrx_word' id='word_1_379' title='bbox 196 3966 257 4034; x_wconf 91' lang='lat' dir='ltr'>quit</span> <span class='ocrx_word' id='word_1_380' title='bbox 271 3964 327 4020; x_wconf 88' lang='lat' dir='ltr'>this</span> <span class='ocrx_word' id='word_1_381' title='bbox 339 3965 389 4020; x_wconf 81' lang='lat' dir='ltr'>life</span> <span class='ocrx_word' id='word_1_382' title='bbox 400 3963 518 4019; x_wconf 82' lang='lat' dir='ltr'>without</span> <span class='ocrx_word' id='word_1_383' title='bbox 532 3964 584 4019; x_wconf 91' lang='lat' dir='ltr'>Ilis</span> <span class='ocrx_word' id='word_1_384' title='bbox 602 3964 681 4019; x_wconf 82' lang='lat' dir='ltr'>leave</span> <span class='ocrx_word' id='word_1_385' title='bbox 695 3964 756 4018; x_wconf 81' lang='lat' dir='ltr'>who</span> <span class='ocrx_word' id='word_1_386' title='bbox 769 3963 869 4034; x_wconf 84' lang='lat' dir='ltr'>placed</span> <span class='ocrx_word' id='word_1_387' title='bbox 883 3980 916 4018; x_wconf 91' lang='lat' dir='ltr'>us</span> <span class='ocrx_word' id='word_1_388' title='bbox 930 3964 961 4016; x_wconf 91' lang='lat' dir='ltr'>in</span> <span class='ocrx_word' id='word_1_389' title='bbox 975 3965 1012 4018; x_wconf 88' lang='lat' dir='ltr'>it:</span> <span class='ocrx_word' id='word_1_390' title='bbox 1032 3981 1062 4017; x_wconf 89' lang='lat' dir='ltr'>as</span> <span class='ocrx_word' id='word_1_391' title='bbox 1075 3982 1116 4018; x_wconf 85' lang='lat' dir='ltr'>we</span> <span class='ocrx_word' id='word_1_392' title='bbox 1128 3963 1187 4017; x_wconf 87' lang='lat' dir='ltr'>lind</span> <span class='ocrx_word' id='word_1_393' title='bbox 1201 3965 1232 4017; x_wconf 93' lang='lat' dir='ltr'>iu</span> 
     </span>
     <span class='ocr_line' id='line_1_41' title="bbox 132 4048 1232 4123; baseline 0 -20"><span class='ocrx_word' id='word_1_394' title='bbox 132 4048 271 4114; x_wconf 89' lang='lat' dir='ltr'>Plotinus,</span> <span class='ocrx_word' id='word_1_395' title='bbox 289 4051 515 4123; x_wconf 78' lang='lat' dir='ltr'>olympiodorus,</span> <span class='ocrx_word' id='word_1_396' title='bbox 532 4051 700 4105; x_wconf 86' lang='lat' dir='ltr'>Macrobius.</span> <span class='ocrx_word' id='word_1_397' title='bbox 743 4050 789 4105; x_wconf 89' lang='lat' dir='ltr'>On</span> <span class='ocrx_word' id='word_1_398' title='bbox 803 4049 860 4103; x_wconf 88' lang='lat' dir='ltr'>this</span> <span class='ocrx_word' id='word_1_399' title='bbox 880 4049 999 4121; x_wconf 83' lang='lat' dir='ltr'>ground,</span> <span class='ocrx_word' id='word_1_400' title='bbox 1017 4050 1130 4112; x_wconf 89' lang='lat' dir='ltr'>Brutus,</span> <span class='ocrx_word' id='word_1_401' title='bbox 1146 4055 1177 4103; x_wconf 89' lang='lat' dir='ltr'>ut</span> <span class='ocrx_word' id='word_1_402' title='bbox 1194 4066 1232 4103; x_wconf 87' lang='lat' dir='ltr'>au</span> 
     </span>
     <span class='ocr_line' id='line_1_42' title="bbox 132 4133 1231 4208; baseline -0.004 -19"><span class='ocrx_word' id='word_1_403' title='bbox 132 4136 235 4190; x_wconf 86' lang='lat' dir='ltr'>earlier</span> <span class='ocrx_word' id='word_1_404' title='bbox 251 4137 359 4208; x_wconf 90' lang='lat' dir='ltr'>period,</span> <span class='ocrx_word' id='word_1_405' title='bbox 377 4136 552 4192; x_wconf 85' lang='lat' dir='ltr'>condemned</span> <span class='ocrx_word' id='word_1_406' title='bbox 567 4136 616 4191; x_wconf 88' lang='lat' dir='ltr'>the</span> <span class='ocrx_word' id='word_1_407' title='bbox 634 4142 680 4190; x_wconf 90' lang='lat' dir='ltr'>act</span> <span class='ocrx_word' id='word_1_408' title='bbox 696 4135 728 4191; x_wconf 84' lang='lat' dir='ltr'>of</span> <span class='ocrx_word' id='word_1_409' title='bbox 746 4134 825 4199; x_wconf 80' lang='lat' dir='ltr'>Cato,</span> <span class='ocrx_word' id='word_1_410' title='bbox 837 4133 927 4187; x_wconf 87' lang='lat' dir='ltr'>which</span> <span class='ocrx_word' id='word_1_411' title='bbox 942 4134 978 4187; x_wconf 91' lang='lat' dir='ltr'>he</span> <span class='ocrx_word' id='word_1_412' title='bbox 991 4134 1154 4188; x_wconf 80' lang='lat' dir='ltr'>afterwards</span> <span class='ocrx_word' id='word_1_413' title='bbox 1168 4134 1231 4186; x_wconf 88' lang='lat' dir='ltr'>imi·</span> 
     </span>
     <span class='ocr_line' id='line_1_43' title="bbox 133 4218 1231 4292; baseline -0.005 -17"><span class='ocrx_word' id='word_1_414' title='bbox 133 4220 221 4276; x_wconf 89' lang='lat' dir='ltr'>tated.</span> <span class='ocrx_word' id='word_1_415' title='bbox 267 4223 322 4277; x_wconf 86' lang='lat' dir='ltr'>See</span> <span class='ocrx_word' id='word_1_416' title='bbox 337 4222 481 4277; x_wconf 88' lang='lat' dir='ltr'>Plutarch.</span> <span class='ocrx_word' id='word_1_417' title='bbox 528 4222 591 4276; x_wconf 76' lang='lat' dir='ltr'>And</span> <span class='ocrx_word' id='word_1_418' title='bbox 606 4221 802 4292; x_wconf 81' lang='lat' dir='ltr'>Megasthenes</span> <span class='ocrx_word' id='word_1_419' title='bbox 816 4219 903 4274; x_wconf 89' lang='lat' dir='ltr'>noted</span> <span class='ocrx_word' id='word_1_420' title='bbox 919 4218 980 4273; x_wconf 89' lang='lat' dir='ltr'>that</span> <span class='ocrx_word' id='word_1_421' title='bbox 994 4219 1043 4272; x_wconf 92' lang='lat' dir='ltr'>the</span> <span class='ocrx_word' id='word_1_422' title='bbox 1058 4225 1104 4273; x_wconf 87' lang='lat' dir='ltr'>act</span> <span class='ocrx_word' id='word_1_423' title='bbox 1119 4218 1152 4271; x_wconf 82' lang='lat' dir='ltr'>oi</span> <span class='ocrx_word' id='word_1_424' title='bbox 1169 4218 1231 4271; x_wconf 79' lang='lat' dir='ltr'>Oul-</span> 
     </span>
     <span class='ocr_line' id='line_1_44' title="bbox 131 4297 1229 4377; baseline -0.005 -17"><span class='ocrx_word' id='word_1_425' title='bbox 131 4322 211 4369; x_wconf 81' lang='lat' dir='ltr'>auus,</span> <span class='ocrx_word' id='word_1_426' title='bbox 228 4303 302 4376; x_wconf 88' lang='lat' dir='ltr'>[who</span> <span class='ocrx_word' id='word_1_427' title='bbox 313 4307 400 4362; x_wconf 89' lang='lat' dir='ltr'>burnt</span> <span class='ocrx_word' id='word_1_428' title='bbox 411 4307 525 4361; x_wconf 77' lang='lat' dir='ltr'>himself</span> <span class='ocrx_word' id='word_1_429' title='bbox 540 4309 570 4360; x_wconf 90' lang='lat' dir='ltr'>in</span> <span class='ocrx_word' id='word_1_430' title='bbox 584 4307 633 4361; x_wconf 91' lang='lat' dir='ltr'>the</span> <span class='ocrx_word' id='word_1_431' title='bbox 645 4322 777 4377; x_wconf 87' lang='lat' dir='ltr'>presence</span> <span class='ocrx_word' id='word_1_432' title='bbox 789 4305 823 4359; x_wconf 82' lang='lat' dir='ltr'>oi</span> <span class='ocrx_word' id='word_1_433' title='bbox 832 4305 990 4359; x_wconf 78' lang='lat' dir='ltr'>Alexander</span> <span class='ocrx_word' id='word_1_434' title='bbox 1003 4302 1060 4356; x_wconf 89' lang='lat' dir='ltr'>and</span> <span class='ocrx_word' id='word_1_435' title='bbox 1075 4302 1118 4356; x_wconf 89' lang='lat' dir='ltr'>his</span> <span class='ocrx_word' id='word_1_436' title='bbox 1130 4297 1229 4371; x_wconf 74' lang='lat' dir='ltr'>army,]</span> 
     </span>
     <span class='ocr_line' id='line_1_45' title="bbox 132 4385 1233 4466; baseline -0.004 -21"><span class='ocrx_word' id='word_1_437' title='bbox 132 4408 189 4449; x_wconf 80' lang='lat' dir='ltr'>was</span> <span class='ocrx_word' id='word_1_438' title='bbox 204 4392 318 4449; x_wconf 88' lang='lat' dir='ltr'>blamed</span> <span class='ocrx_word' id='word_1_439' title='bbox 334 4393 372 4466; x_wconf 75' lang='lat' dir='ltr'>by</span> <span class='ocrx_word' id='word_1_440' title='bbox 389 4393 439 4449; x_wconf 92' lang='lat' dir='ltr'>the</span> <span class='ocrx_word' id='word_1_441' title='bbox 456 4393 520 4447; x_wconf 89' lang='lat' dir='ltr'>wisc</span> <span class='ocrx_word' id='word_1_442' title='bbox 534 4409 599 4448; x_wconf 91' lang='lat' dir='ltr'>men</span> <span class='ocrx_word' id='word_1_443' title='bbox 620 4392 653 4447; x_wconf 85' lang='lat' dir='ltr'>of</span> <span class='ocrx_word' id='word_1_444' title='bbox 665 4392 713 4447; x_wconf 90' lang='lat' dir='ltr'>the</span> <span class='ocrx_word' id='word_1_445' title='bbox 726 4391 857 4453; x_wconf 63' lang='lat' dir='ltr'>Indicum</span> <span class='ocrx_word' id='word_1_446' title='bbox 874 4388 920 4443; x_wconf 82' lang='lat' dir='ltr'>for</span> <span class='ocrx_word' id='word_1_447' title='bbox 934 4387 996 4442; x_wconf 87' lang='lat' dir='ltr'>that</span> <span class='ocrx_word' id='word_1_448' title='bbox 1015 4387 1090 4443; x_wconf 90' lang='lat' dir='ltr'>their</span> <span class='ocrx_word' id='word_1_449' title='bbox 1104 4385 1233 4441; x_wconf 87' lang='lat' dir='ltr'>doctrine</span> 
     </span>
    </p>
   </div>
   <div class='ocr_carea' id='block_1_7' title="bbox 1142 4448 1364 4632">
    <p class='ocr_par' dir='ltr' id='par_1_12' title="bbox 1142 4448 1364 4632">
     <span class='ocr_line' id='line_1_46' title="bbox 1142 4448 1364 4632; baseline 0 0"><span class='ocrx_word' id='word_1_450' title='bbox 1142 4448 1364 4632; x_wconf 69' lang='lat' dir='ltr'><em>J</em></span> 
     </span>
    </p>
   </div>
   <div class='ocr_carea' id='block_1_8' title="bbox 0 0 1430 4920">
    <p class='ocr_par' dir='ltr' id='par_1_13' title="bbox 0 0 1430 4920">
     <span class='ocr_line' id='line_1_47' title="bbox 0 0 1430 4920; baseline 0 0"><span class='ocrx_word' id='word_1_451' title='bbox 0 0 1430 4920; x_wconf 95' lang='lat' dir='ltr'> </span> 
     </span>
    </p>
   </div>
  </div>
 </body>
</html>
