2834 4920
75 273 146 327 Car.
159 269 285 338 XXHI.]
433 271 485 324 DE
508 270 643 326 cAUS1s
664 269 807 324 DUBIIS.
1108 259 1172 323 409

78 420 133 483 tioe
156 429 187 482 et
206 418 330 501 petrice
355 437 470 481 amor:
493 418 532 480 ia
555 416 685 500 rapitur
707 437 780 481 cero
805 416 937 479 animus
960 415 1118 499 placidus
1142 424 1173 478 et

77 517 147 581 aare
172 515 349 600 obsequens.

152 613 212 676 XI.
264 612 449 696 Quanquam
471 632 546 678 vero
567 611 600 675 in
622 633 715 676 causa
734 610 828 676 dubia
845 631 918 697 pars
937 615 1071 695 utraque
1087 615 1174 673 tene·

77 719 131 776 tur
145 731 286 796 quaerere
307 708 506 784 conditiones,
524 709 636 795 quibus
659 709 774 774 bollum
791 708 917 784 vitetur,
934 707 1051 795 'magis
1068 715 1173 770 tamen

77 809 120 874 ad
149 807 182 873 id
207 817 341 884 tenetur,
365 807 418 892 qui
446 807 534 893 petit,
563 829 656 893 qnam
683 807 736 892 qui
763 807 908 892 possidet.
960 806 1007 871 Ut
1034 803 1115 870 enim
1141 803 1175 867 in

79 905 149 994 pari
173 928 266 970 eausa
290 905 398 970 melior
422 904 464 970 eit
487 905 670 991 possidentis
694 904 838 981 conditio,
862 925 925 968 non
949 902 1031 968 civili
1053 911 1173 967 tantum
1187 924 1222 1007 ¹13⁸
1221 922 1310 1008 opo-c

75 1003 141 1090 juri
157 1001 212 1068 sed
229 1013 262 1069 et
278 1003 412 1069 naturali
429 1002 591 1067 convenit:
619 1002 705 1088 cujus
721 1003 768 1067 rei
785 1024 907 1067 eaumm
928 1001 1002 1067 alibi
1024 1000 1118 1066 etiam
1135 1022 1175 1065 ex
1187 999 1242 1099 pk}-
1249 971 1339 1102 xm

81 1101 256 1166 Aristotelis
281 1122 352 1186 que
378 1100 523 1165 dicuutur
556 1100 800 1188 problematibus
827 1099 1016 1165 ⁹attulimus.
1066 1098 1176 1184 Atqne
1188 1106 1336 1188 pennae

80 1199 131 1265 hic
149 1207 181 1264 et
194 1198 271 1264 illnd
285 1198 461 1263 addendum
478 1207 535 1275 est,
550 1199 591 1264 ab
607 1220 654 1274 eo,
672 1198 725 1283 qui
737 1197 855 1283 justam
871 1219 994 1262 causam
1010 1195 1128 1262 habere
1143 1218 1176 1261 se
1188 1193 1341 1283 fflffij‘

81 1297 147 1373 scit,
164 1296 219 1361 sed
236 1297 420 1361 documenta
442 1317 504 1360 non
525 1296 623 1361 habet
638 1295 828 1371 sufficientia,
844 1295 956 1381 quibus
969 1316 1177 1381 possessorem
1189 1286 1341 1373 &¹⁰33ssss

82 1395 122 1460 de
154 1393 304 1479 injustitia
332 1415 397 1458 suae
426 1393 624 1478 possessionis
652 1393 823 1469 convincet,
858 1393 971 1458 bellum
1000 1391 1084 1458 licite
1116 1386 1320 1469 ommi?

82 1491 179 1557 sumit
204 1491 278 1577 quia
298 1513 360 1556 non
382 1491 479 1557 habet
498 1490 551 1576 jus
573 1490 703 1579 eogendi
719 1491 862 1568 alterum,
880 1499 917 1555 ut
933 1491 972 1555 de
989 1490 1179 1577 possessione
1190 1466 1330 1551 lima

82 1589 223 1655 decedat.

159 1689 234 1752 XII.
286 1686 351 1753 Ubi
368 1708 444 1752 vero
469 1696 502 1753 et
518 1687 571 1773 jus
587 1687 766 1775 ambiguum
783 1694 839 1763 est,
857 1695 890 1753 ot
906 1695 1017 1752 neuter
1033 1685 1178 1774 possidet,
1192 1708 1307 1805 impp

82 1793 138 1853 aut
154 1807 194 1851 ex
211 1808 300 1870 oeque
321 1786 524 1871 uterque,1b1
546 1808 668 1871 uniquus
688 1785 859 1850 censendus
881 1784 952 1863 orit,
970 1783 1025 1869 qui
1042 1754 1230 1883 oblatam&
1258 1784 1311 1886 nei

82 1883 130 1949 rei
146 1892 354 1949 controversa
371 1883 551 1949 divisionem
569 1885 722 1970 repudiat.

158 1983 251 2047 XIII.
304 1983 323 2045 1
358 1983 409 2046 Ex
438 1981 496 2059 bis,
527 2003 597 2067 quae
623 1982 766 2058 diximus,
796 1981 917 2047 definiri
944 1989 1047 2068 potest
1078 1980 1132 2047 illa
1161 2004 1181 2047 a

84 2080 188 2145 multis
203 2079 323 2166 agitata
347 2079 487 2165 questio,
505 2101 546 2145 an
568 2081 692 2158 bellum,
717 2079 839 2145 ratione
860 2081 968 2146 habita
992 2102 1109 2155 eornm,
1126 2079 1180 2165 qui
1192 2108 1300 2149 mm

84 2177 268 2262 principales
293 2176 368 2241 belli
395 2187 531 2242 motores
556 2187 638 2252 sunt,
666 2177 813 2262 utrinque
834 2178 953 2264 justum
980 2200 1048 2243 esse
1074 2156 1328 2284 possiti‘jiaziqliii

85 2270 338 2359 tDistinguendee
354 2273 436 2338 enim
457 2283 530 2338 sunt
550 2274 644 2339 varim
660 2274 853 2358 acceptiones
869 2274 952 2339 vocis
961 2277 1056 2358 justi.
1107 2278 1129 2341 J
1132 2299 1181 2341 us·
1190 2254 1274 2375 {ieet
1282 2293 1321 2331 tt

85 2379 152 2436 tum
169 2371 250 2434 enim
266 2369 383 2455 aliquid
405 2370 517 2442 dicitnr
538 2379 594 2436 aut
610 2392 650 2435 ex
667 2392 768 2445 causa,
785 2380 842 2435 aut
859 2372 1027 2436 secundum
1044 2373 1181 2464 effectus.
1193 2347 1317 2467 gjqijffi

86 2471 137 2534 Er
166 2490 259 2533 causa
288 2489 421 2548 rursum,
451 2475 506 2533 aut
530 2467 654 2555 speciali
681 2467 859 2553 acceptione
880 2467 1020 2553 justitie,
1046 2476 1102 2533 aut
1129 2469 1182 2533 illa
1194 2473 1346 2558 fflgkm

86 2566 235 2655 generali,
263 2587 326 2650 qua
356 2566 454 2630 omnis
482 2566 636 2633 rectitudo
667 2588 705 2631 eo
735 2565 822 2631 venit
850 2565 981 2630 nomine.
1034 2565 1182 2651 Specialis
1195 2562 1235 2607 [ὅ

86 2664 223 2750 acceptio
248 2663 362 2728 iterum
390 2663 539 2729 dividitur
564 2664 597 2728 in
622 2686 691 2730 eam
717 2686 787 2750 quae
812 2663 853 2729 ad
879 2685 956 2749 opus
981 2663 1127 2749 pertiuet,
1151 2672 1185 2728 et

86 2785 165 2839 eam,
193 2782 263 2846 quse
288 2761 426 2848 pertinet
450 2763 493 2828 ad
522 2771 720 2849 operantem
747 2783 879 2847 quarum
905 2760 972 2826 ¹illa
997 2770 1100 2848 potest
1125 2759 1185 2826 dici

87 2917 219 2976 quastione
238 2916 272 2962 iii.
293 2921 349 2974 post
370 2888 400 2962 c..
411 2917 554 2975 EpIscopns,
573 2916 612 2963 65.
661 2917 751 2973 tinaln
762 2918 813 2963 sola
823 2917 1187 2978 prlmsEditionslsguntur,st

87 2987 338 3047 distinguitjustits'nm
347 3002 432 3043 cmssoe,
447 2989 547 3045 ordinis,
556 2990 611 3034 ani·
660 2991 686 3036 ln
701 2990 754 3036 aliis
767 2991 855 3036 omissa
870 2996 927 3036 sunt
941 2992 1034 3038 lucurls
1046 2994 1186 3052 typotheta-

86 3065 119 3109 mi
659 3064 929 3123 rnm,utquirisridet.
959 3066 1030 3114 J.B.

121 3097 141 3163 '¹
158 3135 217 3182 Haec
227 3135 480 3195 omnia,qaarussills
484 3167 537 3180 ......
540 3149 611 3197 neqo-

140 3380 208 3435 ΧΠ.
243 3381 300 3434 But
312 3379 392 3434 when
407 3379 456 3435 the
476 3379 552 3451 right
570 3381 593 3435 is
610 3381 784 3454 ambiguous,
798 3385 855 3440 and
872 3385 982 3442 neither
995 3387 1019 3442 is
1034 3387 1063 3441 ln
1077 3403 1187 3459 posses·

88 3467 158 3530 sion,
174 3482 207 3519 or
218 3464 289 3520 each
302 3465 325 3519 is
342 3466 455 3536 equally
466 3482 506 3531 so,
518 3466 587 3520 then
604 3466 630 3520 if
641 3483 695 3523 one
710 3469 744 3522 of
756 3468 806 3524 the
819 3472 926 3541 parties
940 3472 1034 3528 reiuse
1047 3479 1078 3527 ιο
1093 3473 1186 3528 divide

88 3551 138 3606 the
153 3558 257 3605 matter
269 3550 299 3604 in
314 3552 451 3621 question,
462 3551 499 3605 he
513 3552 536 3606 is
551 3559 581 3606 to
596 3551 632 3607 be
646 3552 787 3608 reclsoned
801 3557 905 3625 uujust.

142 3637 227 3690 XIII.
266 3642 279 3689 1
304 3636 390 3690 From
407 3635 482 3690 what
499 3653 541 3690 we
560 3636 632 3691 have
649 3638 718 3703 said,
733 3655 775 3693 we
791 3656 856 3711 may
871 3639 969 3696 decide
989 3641 1038 3696 the
1056 3643 1186 3713 question

89 3722 189 3776 ruoved
197 3722 235 3793 by
246 3739 330 3793 many
342 3722 456 3785 writers,
464 3720 591 3776 whether
604 3738 622 3775 a
634 3739 698 3787 war,
712 3725 849 3794 regarded
865 3727 894 3779 iu
906 3725 1051 3781 reference
1062 3734 1092 3782 to
1105 3727 1186 3783 those

89 3804 152 3859 who
167 3822 215 3860 are
226 3806 275 3862 the
289 3806 426 3878 priucipsl
441 3823 549 3862 movere
564 3806 597 3861 of
616 3808 647 3870 it,
668 3825 719 3861 cau
740 3808 776 3862 be
794 3810 854 3879 just
872 3827 910 3865 on
926 3810 998 3864 both
1017 3813 1099 3868 sides.
1133 3813 1187 3867 We

91 3894 166 3941 must
184 3890 349 3959 distinguish
368 3891 477 3946 various
491 3893 681 3962 acceptatione
695 3894 730 3946 of
745 3894 793 3947 the
815 3896 890 3949 word
906 3897 973 3967 just.
1019 3896 1045 3950 A
1064 3897 1144 3967 thing
1162 3896 1186 3950 is

92 3971 182 4027 called
200 3974 259 4041 just
276 3974 350 4027 from
371 3976 408 4028 its
431 3993 521 4041 cause,
542 3993 575 4031 or
594 3977 667 4031 from
684 3977 720 4031 its
743 3978 834 4033 effect.
869 3980 934 4033 And
956 3980 1047 4050 again,
1061 3980 1135 4034 from
1148 3981 1186 4035 its

92 4073 183 4120 cause,
198 4056 289 4111 either
308 4059 337 4110 in
352 4058 401 4113 the
415 4061 519 4130 special
533 4063 711 4132 acceptation
730 4063 763 4117 of
780 4065 889 4133 justice,
904 4080 937 4118 or
950 4064 980 4117 iu
995 4061 1058 4117 that
1071 4065 1186 4133 general

92 4141 267 4211 acceptatiou
294 4140 323 4194 iu
346 4141 435 4197 thch
458 4144 495 4197 all
517 4147 656 4201 rectitudo
674 4164 707 4202 or
731 4148 869 4218 rightness
891 4164 984 4202 comes
1008 4148 1097 4202 under
1123 4148 1186 4203 that

91 4242 182 4280 name.
214 4226 313 4296 Agaiu,
329 4225 378 4280 the
393 4227 496 4297 special
510 4233 686 4301 acceptatIon
700 4232 724 4286 is
740 4233 851 4288 disided
870 4234 930 4287 into
948 4232 1012 4286 that
1029 4232 1118 4286 which
1136 4233 1187 4288 be·
1213 4224 1215 4228 ¹

91 4312 170 4380 longe
182 4317 212 4364 to
226 4310 275 4364 the
287 4316 333 4365 act
344 4311 427 4374 itself,
438 4313 493 4366 and
507 4313 570 4368 that
585 4314 674 4370 which
688 4318 803 4389 belongs
820 4325 851 4372 to
867 4317 916 4372 the
932 4323 1032 4388 agent3
1053 4318 1086 4372 oi
1096 4318 1187 4372 which

90 4395 140 4449 the
152 4394 257 4451 former
271 4412 336 4468 may
349 4395 385 4452 be
400 4397 489 4452 called
501 4399 627 4469 positive,
642 4401 691 4457 the
702 4402 788 4456 latter
800 4404 936 4473 negative.
966 4402 1024 4456 For
1037 4402 1086 4458 the
1101 4411 1187 4474 agent
