2834 4920
82 267 151 322 Cen.
164 261 288 331 xxm]
309 264 462 321 MONITA
483 265 535 320 DE
557 265 643 321 NON
663 265 821 320 TEMERE
841 263 973 330 ΕΤῙΔΜ,
994 264 1077 321 Ero.
1115 255 1179 318 413

80 438 204 518 portum
230 436 287 505 est,
311 425 415 493 stetim
438 434 493 492 sut
519 433 664 512 oportere
688 427 803 492 bellum
829 426 949 512 suscipi,
976 436 1031 492 sut
1058 449 1180 514 semper

81 529 173 594 etism
191 527 293 593 licere.
339 526 457 590 Contra
478 524 559 590 enim
581 524 694 602 evenit,
714 534 749 590 ut
771 525 954 610 plerumque
977 525 1075 612 magis
1094 525 1179 611 pium

80 636 259 711 rectumque
275 624 315 689 sit
336 623 376 688 de
393 623 466 708 jure
483 645 538 687 suo
560 622 680 687 cedere.
732 623 814 688 Nem
831 632 947 688 nostroe
965 646 1088 709 quoque
1104 623 1178 688 vitae
1191 644 1343 740 iiiii&

80 746 187 791 curam
207 724 337 789 honeste
362 721 472 799 deseri,
496 731 532 786 nt
551 720 680 785 ulterius
697 729 730 786 et
750 721 824 786 ritce
846 730 878 787 οι
898 721 990 787 saluti
1007 731 1176 808 perpetuae,
1189 739 1219 777 ³³

80 832 231 909 quantum
250 820 282 885 in
298 820 387 885 nobis
409 828 466 895 cst,
484 819 685 894 consulemus,
707 841 802 905 supra
819 841 874 884 suo
896 819 963 885 loco
986 820 1101 885 dictum
1119 830 1176 887 est.

80 920 218 986 Maxime
234 927 338 984 cutem
356 917 540 983 Christianis
561 918 620 982 hoc
641 917 793 993 convenit,
812 917 865 1002 qui
885 917 918 983 in
934 940 971 983 eo
993 918 1178 1003 perfectissi-

82 1040 165 1083 mum
181 1016 298 1082 Christi
319 1015 479 1081 imitentur
496 1015 679 1102 exemplum,
701 1015 755 1101 qni
771 1037 829 1101 pro
850 1016 938 1081 nobis
956 1017 1057 1081 adhuc
1077 1017 1178 1104 impiis
1296 1038 1299 1043 ·
1324 1036 1327 1041 ’

82 1125 116 1182 οι
136 1115 253 1181 infestis
269 1114 348 1179 mori
367 1114 473 1192 voluit,
495 1116 584 1178 Rom.
603 1134 632 1179 v.
652 1116 683 1181 6.
729 1115 821 1192 Quod
844 1113 945 1201 ipsum
967 1115 1063 1180 multo
1083 1116 1177 1181 etiem

82 1213 181 1302 magis
202 1234 258 1278 nes
274 1213 400 1290 excitet,
424 1235 464 1278 ne
479 1235 530 1278 res
553 1220 675 1277 nostrus
692 1222 746 1279 eut
761 1212 849 1277 nobis
870 1213 990 1278 debitas
1012 1234 1178 1299 persequa-

80 1334 152 1378 mur
177 1334 247 1378 cum
270 1319 359 1378 ιοοιο
383 1311 513 1377 eliorum
541 1310 742 1389 incommodo,
772 1319 921 1397 quantum
944 1331 1047 1376 secum
1072 1312 1179 1378 ierunt

81 1411 172 1481 belle.

152 1513 173 1574 2
206 1510 298 1575 'Non
320 1509 359 1574 οι
379 1507 521 1594 quemvis
542 1529 663 1574 causam
685 1507 780 1575 telem
801 1507 915 1575 bellum
940 1507 1176 1596 suscipiendum,
1189 1530 1302 1618 iim

82 1613 115 1674 et
133 1607 315 1674 Aristoteles
337 1615 451 1684 monet,
474 1615 507 1672 et
522 1608 681 1696 Polybius.
724 1607 790 1672 Neo
807 1629 827 1673 ο
843 1606 1001 1673 veteribus
1020 1608 1272 1674 ¹1audatus1-uo·
1281 1623 1312 1663 ³¹·

81 1705 243 1784 Hercules‚
266 1706 349 1792 quod
376 1705 579 1772 Leomedonti
603 1714 636 1772 οι
662 1705 777 1793 Augiae
805 1727 895 1771 erma
918 1705 1024 1772 intulit
1049 1707 1090 1772 οι
1116 1729 1177 1772 οοο
1191 1726 1336 1769 rames

80 1806 212 1872 solutum
236 1804 351 1871 loboris
375 1804 558 1870 mercedem.
599 1794 685 1869 Dion
704 1804 893 1870 Prusaeensis
913 1803 946 1869 in
964 1825 1003 1869 en
1028 1805 1177 1883 oratione,

81 1926 152 1991 quae
166 1912 214 1970 est
230 1905 270 1970 de
286 1903 368 1968 bello
385 1911 418 1968 et
434 1924 519 1990 poce,
536 1924 599 1968 non
613 1904 673 1968 hoc
693 1911 814 1969 tentum
837 1902 881 1969 οἰι
898 1901 996 1987 quaeri
1017 1902 1126 1981 solere,
1150 1912 1178 1973 ei
1190 1921 1283 1972 oneo·

83 2000 298 2088 συμβέβηκεν
313 1995 447 2083 ἀδίκημα
465 1997 556 2094 mopsi
574 1998 714 2076 τούτων,
731 2005 776 2074 οἶς
793 1992 993 2069 διανοοῦνται
1010 2004 1178 2081 πολεμεῖν,

81 2125 128 2166 arr
143 2103 270 2185 injuria
282 2114 417 2186 occepta
428 2103 473 2166 eit
483 2103 526 2165 οι
541 2103 601 2177 ιιι,
618 2103 656 2166 de
672 2102 790 2186 quibus
803 2103 881 2166 bello
892 2103 1042 2186 peterrds'e
1055 2104 1179 2187 opiter,

82 2198 262 2274 sedetiam,
286 2194 428 2279 πὴλικόν
450 2226 490 2264 το
514 2201 618 2266 τοῦτο
635 2195 858 2283 συμβεβηκὸς,
876 2203 994 2284 quanti
1013 2203 1180 2268 centiman-

83 2299 164 2361 dum
180 2298 226 2361 sit
241 2298 288 2372 id,
307 2298 392 2378 quod
408 2297 539 2360 oceidit.

83 2470 256 2530 ὑπομᾶνοντοο,
280 2469 382 2518 ἐπειδάν
403 2486 470 2517 τινος
491 2467 553 2530 οἶμᾶο
573 2465 608 2518 rei
656 2468 781 2529 Hudeon.)

84 2545 174 2604 νόμιμα
195 2550 271 2592 κινεῖν
291 2543 461 2606 ἀναγκάζωσι,
481 2543 546 2590 τότε
565 2545 607 2592 rel
702 2542 709 2572 ¹
726 2544 774 2590 Sed
784 2557 828 2591 neo
836 2544 993 2606 vituperatus,
1000 2545 1184 2596 saltemnPln.

82 2619 153 2676 πορᾰ
167 2620 268 2676 δύναμιν
283 2617 416 2677 οιρούμοθο
426 2618 552 2678 πολέμους
566 2618 608 2665 sal
655 2631 737 2675 alnis,
752 2619 819 2680 cnjus
828 2619 895 2666 locus
905 2620 929 2667 in
940 2636 983 2668 οη
991 2622 1046 2669 libri
1055 2623 1183 2683 indicetur,

81 2694 156 2755 μέχρι
164 2696 216 2741 τῶν
222 2692 341 2754 ισχάτων
348 2698 406 2738 τοῖο
413 2697 554 2752 supponere
562 2693 607 2753 iy-
656 2699 681 2740 st
692 2694 734 2740 ubi
743 2694 830 2741 dicitnr
843 2701 945 2754 lentum,
959 2699 984 2743 in
995 2698 1036 2744 illo
1046 2700 1110 2745 bello
1122 2701 1182 2748 nihil

81 2769 257 2828 καρτεροῦμεν·
272 2781 344 2827 seque
359 2766 434 2812 nostri
440 2767 608 2827 fortitudinem
655 2767 724 2815 vslde
733 2770 912 2816 memorsndnm
927 2773 1029 2832 gessisse
1039 2773 1180 2822 Herculem

82 2848 195 2898 exercent,
203 2847 229 2888 ssi
237 2857 294 2888 suae
303 2857 341 2888 ree
350 2847 459 2902 meant,
466 2841 508 2888 sed
514 2847 539 2888 ret
545 2844 608 2903 lepos
656 2842 696 2898 Τῷ
706 2843 731 2888 δι
738 2841 861 2902 Ἠρακλεῖ
869 2845 934 2903 πρὸς
943 2846 989 2893 τὸν
995 2846 1095 2906 Αὐγέαν
1101 2848 1181 2894 τολο-

81 2915 278 2975 ipeismaneant:
295 2920 372 2960 cetera
382 2915 554 2974 iqiturdamna
563 2916 606 2975 fe·
654 2916 751 2974 periri-r,
771 2917 839 2963 otei»
857 2919 969 2980 ὑπῆρχον
986 2919 1180 2969 ἀποδείκνυσθαι

81 2994 157 3034 rorstet
166 2987 255 3042 leniter,
266 2987 307 3032 uos·
316 2991 376 3041 unt,
388 2987 430 3046 qui
439 3000 481 3032 nce
490 3001 507 3031 a
517 2988 606 3047 leqibrse
653 2987 779 3048 λαμπρὸν.
802 2991 876 3038 Forte
885 2994 981 3052 decepit
991 2994 1122 3041 Auctorem
1132 2997 1182 3042 les·

83 3065 167 3120 repant
176 3059 300 3116 άίοοεᾱονο,
311 3064 366 3105 rose
375 3060 446 3105 etiam
458 3074 533 3119 supra
543 3062 605 3108 vires
653 3063 760 3109 tinenter
769 3065 898 3124 legentem,
910 3072 953 3113 snt
963 3080 992 3112 ex
1002 3069 1116 3115 memoris
1125 3068 1180 3116 lsn·

82 3134 144 3181 telis
152 3135 271 3190 sumimus,
285 3136 308 3179 et
320 3132 355 3178 od
362 3133 446 3179 ultima
455 3146 526 3194 urqrse
539 3135 605 3182 mola
652 3136 757 3194 mntem,
767 3151 814 3183 vox
823 3137 865 3184 ills
874 3138 999 3199 λαμπρὸν.
1028 3139 1055 3187 J.
1067 3140 1100 3189 B.

75 3205 201 3253 'duram
232 3204 307 3264 (Peg.
327 3203 380 3251 498.
398 3202 413 3263 5
432 3203 470 3251 47.
494 3204 604 3255 division.

80 3450 144 3506 And
156 3450 212 3506 this
226 3450 250 3507 is
264 3451 414 3524 especially
424 3451 545 3509 suitcble
556 3458 586 3509 ιο
598 3472 616 3510 ο
630 3453 792 3512 Christisn’s
803 3456 964 3526 chersoterc
978 3459 1040 3519 who
1052 3463 1081 3519 in
1093 3463 1180 3541 doing

80 3537 145 3603 this,
159 3537 282 3592 imitstes
293 3536 343 3592 the
354 3538 464 3608 perfect
472 3541 600 3611 exemplo
614 3539 648 3595 oi
660 3540 762 3606 Christ,
776 3542 839 3598 who
850 3562 906 3599 srss
915 3546 1019 3618 willing
1030 3557 1060 3604 ιο
1072 3550 1119 3605 die
1131 3552 1180 3607 for

79 3640 112 3678 ns
126 3622 207 3677 when
222 3639 263 3677 ve
281 3638 354 3678 were
372 3628 421 3694 yet
439 3624 564 3696 ungodly
581 3625 638 3680 end
655 3624 765 3682 hostile.
804 3628 905 3684 Which
925 3631 949 3687 is
966 3649 984 3686 ο
1001 3650 1100 3691 resson
1114 3635 1179 3709 why

78 3725 120 3763 we
130 3708 233 3763 should
244 3713 295 3762 not
309 3713 457 3780 prosecute
472 3725 525 3763 our
541 3710 630 3781 rights
644 3727 678 3766 or
694 3727 748 3766 our
761 3712 830 3769 dues
847 3720 877 3770 ιο
895 3715 945 3772 the
962 3717 1180 3778 inconvenience

80 3793 113 3847 oi
124 3792 228 3858 others,
242 3800 272 3848 ιο
287 3811 319 3848 so
332 3799 413 3864 grest
427 3810 465 3847 cn
480 3800 576 3850 extent
589 3813 620 3851 es
634 3814 692 3852 ποι·
703 3800 853 3855 occasions.

132 3882 149 3929 2
170 3876 245 3931 Thst
263 3895 320 3933 wer
340 3880 363 3932 is
383 3885 435 3934 not
453 3886 484 3935 ιο
504 3880 540 3936 ιο
554 3881 731 3938 undertsken
743 3884 790 3939 for
807 3902 891 3958 every
910 3886 979 3942 such
1001 3905 1092 3955 cause,
1108 3889 1179 3946 both

78 3958 214 4015 Aristotle
232 3962 289 4015 end
308 3963 442 4035 Polybius
465 3966 547 4022 tecch
567 3983 609 4023 us.
648 3968 784 4024 Hercules
802 3970 826 4026 is
844 3978 896 4026 not
918 3968 1053 4043 praised*
1071 3975 1110 4044 by
1129 3975 1179 4033 the

79 4046 205 4100 encients
219 4046 266 4100 for
278 4044 342 4100 thet
359 4046 397 4102 he
416 4051 486 4105 took
503 4067 581 4124 οπο]
599 4052 651 4108 the
666 4070 741 4108 arms
758 4054 792 4109 cf
806 4056 969 4111 Laomedon
991 4057 1048 4110 and
1065 4058 1179 4129 Augiss,

78 4130 199 4186 ιοοοοοο
219 4128 287 4201 they
306 4130 355 4185 did
372 4139 424 4188 not
440 4150 495 4206 pay
514 4135 574 4191 him
595 4138 641 4192 for
656 4138 699 4192 his
715 4139 822 4193 lebcnr.
859 4140 915 4194 Dio
929 4142 1100 4197 Prusmensis
1114 4160 1178 4216 says

79 4216 142 4270 that
152 4214 202 4270 the
213 4215 342 4287 question
356 4217 379 4272 is
393 4223 425 4273 ιο
439 4218 581 4286 beseled,
595 4228 647 4278 οοι
661 4223 727 4294 only
741 4223 868 4279 whether
881 4240 918 4277 sn
932 4225 1025 4297 injury
1039 4226 1089 4282 hus
1104 4227 1178 4284 been

103 4357 117 4384 ¹
132 4358 182 4405 But
191 4355 285 4421 neither
294 4357 315 4404 ls
323 4358 354 4406 ιο
363 4358 466 4419 blsmed,
476 4364 502 4408 st
511 4361 572 4410 leest
582 4362 607 4409 ln
617 4364 659 4411 the
668 4379 768 4426 pesssgs
778 4364 806 4412 oi
813 4365 944 4414 l’snssuiss
955 4369 1055 4429 quoted.
1080 4369 1106 4416 J.
1113 4368 1143 4419 B.

1213 4490 1317 4626 l
