2834 4920
136 273 204 328 Off.
217 268 330 340 XVII]
364 268 626 328 onmes'ssorus
649 270 741 335 QUAE
762 270 858 325 mnu
882 270 1038 327 OBITUR.
1171 264 1232 328 191

133 446 192 515 est,
207 437 258 502 cui
275 436 307 502 id
324 443 372 502 est
392 456 590 521 consequens,
610 444 647 501 ut
662 434 839 501 libertatem
856 437 1014 502 testatoris
1029 436 1062 501 in
1082 457 1120 502 eo
1136 436 1233 525 impe-

134 536 203 603 dire
219 535 333 622 injuria
349 534 399 601 sit.

209 636 267 701 IV.
304 632 410 699 Minus
425 640 531 699 autem
547 632 616 719 qnia
626 631 753 711 habere,
771 655 808 698 ao
820 633 951 722 proinde
963 633 1108 701 damnum
1125 636 1232 704 secisse

132 734 336 822 intelligetur,
351 754 414 797 non
429 732 462 796 in
482 754 518 798 re
533 741 664 808 mutum,
686 732 742 798 sed
758 741 791 799 et
808 733 840 798 in
863 734 1016 799 fructibus
1032 735 1086 821 qui
1104 735 1232 823 proprie

133 833 180 899 rei
196 833 317 898 fruetus
333 840 415 909 sunt,
432 830 497 896 sive
514 831 558 896 illi
575 832 713 919 percepti
732 840 814 908 sunt,
832 832 897 898 sive
913 854 985 911 non,
1002 833 1029 899 si
1044 842 1149 900 tammr
1165 835 1232 921 ipse

133 955 188 998 eos
209 940 413 1020 percepturus
437 929 549 1008 fuerat,
576 931 715 997 deductis
739 931 884 1018 impensis
907 932 1019 1019 quibus
1046 954 1098 998 res
1122 933 1232 999 melior

133 1031 219 1097 fecta
235 1040 292 1110 est,
308 1040 365 1097 aut
384 1051 455 1118 quse
470 1030 645 1097 adfractus
661 1029 875 1117 percipiendos
895 1031 1023 1098 fuerunt
1038 1033 1229 1111 necessariae,

135 1152 177 1196 ex
192 1131 302 1218 regula
318 1152 388 1216 quse
403 1152 459 1196 nos
475 1139 562 1196 vetat
578 1128 794 1216 locupletiores
814 1129 882 1196 fieri
898 1153 967 1197 cum
983 1130 1084 1197 aliena
1093 1131 1229 1217 jactura.

209 1231 248 1296 V.
292 1229 355 1296 Sed
370 1239 404 1296 et
419 1251 490 1315 spes
505 1228 583 1295 lueri
605 1251 645 1294 ex
662 1236 768 1294 nostro
789 1230 1002 1307 aestimabitur,
1022 1252 1084 1343 non
1101 1231 1231 1297 utillud

134 1450 151 1493 s
173 1449 206 1494 es
222 1427 335 1494 messis.

151 1449 172 1515 p
210 1527 269 1594 v1.
310 1528 470 1593 Tenentur
486 1536 600 1604 autem,
614 1525 755 1614 praeter
746 1549 846 1615 rpsum
863 1525 917 1614 qui
928 1549 985 1614 per
1001 1549 1036 1592 se
1052 1524 1120 1593 et'
1100 1521 1228 1606 αμέσωι
1241 1553 1370 1640 ddssst

134 1625 283 1692 domnum
303 1627 368 1705 det,
389 1626 442 1693 nlii
456 1648 579 1714 quoque
605 1625 745 1692 faciendo
768 1635 823 1692 aut
848 1649 911 1691 non
930 1626 1081 1692 faciendo.
1122 1628 1229 1693 'Faci-
1242 1646 1298 1692 sote
1311 1646 1338 1686 ιν
1346 1646 1393 1697 ιι

135 1725 216 1791 endo
237 1724 291 1792 alii
314 1724 472 1813 primario,
494 1725 547 1792 alii
572 1725 773 1792 secundario:
795 1724 956 1839 primario,
978 1725 1032 1812 qui
1052 1726 1153 1811 jubet,
1177 1696 1279 1812 qui

134 1845 313 1891 eonsensum
330 1824 511 1938 requisitum
524 1825 662 1902 adhibet,
639 1833 735 1912 tqur
726 1824 891 1912 adjurat,
906 1825 959 1911 qui
974 1835 1133 1912 receptum
1149 1848 1232 1914 proe-

134 1930 208 2001 stat,
226 1931 281 1990 aut
297 1945 352 2010 qur
341 1923 429 1990 alio
445 1924 563 1990 modo
554 1948 587 1989 ru
603 1924 670 2011 ipso
686 1924 814 1992 crimine
831 1924 1005 2012 participat.

210 2024 284 2089 VII.
325 2023 525 2103 Secundario,
551 2023 605 2110 qui
623 2023 780 2089 consilinm
804 2025 869 2101 dat,
887 2024 1020 2100 “laudat
1043 2032 1229 2092 mscntatur.

137 2123 227 2197 Quid
242 2125 326 2189 enim
342 2115 593 2189 internodium
608 2146 772 2189 macerem
780 2126 875 2209 sacti
890 2137 919 2190 et
931 2126 1167 2210 probatorem?
1185 2125 1231 2192 ait

136 2220 244 2286 Cicero
261 2221 435 2309 Philippica
450 2223 592 2288 secunda
1243 2246 1329 2296 caere

208 2321 299 2386 VIII.
342 2322 415 2386 Non
436 2320 577 2387 iaciendo
599 2320 673 2387 item
692 2320 840 2408 primario
865 2330 920 2387 aut
940 2322 1140 2401 secundari03
1167 2323 1233 2411 pri-

135 2490 304 2539 habendum.
334 2492 408 2553 (cap.
419 2493 470 2553 25.)
500 2492 618 2552 Ulpianus
633 2492 658 2539 in
750 2491 1233 2553 ἀΙιιιονειιιιοοιοοιῇιοιι·ειμιοὸοιοιτιιι]

135 2566 189 2615 lun.
199 2580 218 2613 1.
229 2581 250 2614 c.
260 2568 290 2614 de
300 2582 368 2615 cerro
378 2574 505 2628 corrupto:
522 2570 557 2614 Et
571 2568 593 2614 et
606 2571 659 2613 erat
707 2567 823 2627 Applicat
844 2568 889 2611 hoc
905 2566 996 2613 dlotum
1013 2566 1094 2613 Probo
1118 2568 1233 2626 prefecto

135 2656 216 2689 urnae
229 2643 359 2690 omnimodo
366 2644 505 2704 Μίκκα,
519 2644 556 2689 cel
563 2643 659 2703 fortan
707 2643 857 2698 Ammianus,
866 2640 928 2687 libro
937 2654 1026 2687 xxvii.
1035 2642 1101 2702 (cap.
1111 2643 1149 2701 2.)
1166 2642 1234 2702 Lege

128 2716 251 2776 sactum,
267 2718 306 2764 hic
317 2732 372 2764 cero
385 2718 498 2765 laudator
508 2719 558 2776 <jus
567 2732 659 2777 propo·
707 2717 896 2778 Langobardica,
910 2717 966 2763 Lib.
977 2729 995 2763 1.
1006 2717 1044 2764 tit.
1055 2719 1077 2763 4.
1089 2716 1161 2763 etlam
1173 2730 1232 2763 cou-

23 2830 31 2848 .,
134 2791 377 2850 οἰιίίοσίι,ιειιοιιιν.·
388 2793 659 2852 κοκοιιὶιιιορονιειιοιι-
707 2794 786 2839 ndens
796 2793 827 2837 ad
837 2791 1150 2852 compodticnemwooatur,
1170 2792 1235 2840 Vide

134 2865 309 2928 dandoaagcri
318 2869 412 2915 ndum.
707 2869 779 2915 Rom.
789 2869 805 2915 l.
816 2867 906 2923 infine,
916 2872 941 2912 et
951 2867 984 2912 ibi
994 2871 1086 2913 veteres
1096 2868 1232 2926 scriptores.

134 3112 198 3177 lon,
210 3117 261 3167 ιιοι
275 3112 341 3183 only
355 3111 384 3166 in
399 3110 449 3168 the
460 3111 542 3183 thing
553 3112 643 3167 which
654 3113 770 3182 belongs
782 3118 811 3166 to
824 3111 891 3175 him,
903 3112 955 3166 but
966 3113 996 3164 in
1007 3110 1057 3166 the
1069 3111 1191 3184 produce
1203 3115 1237 3170 of

134 3199 184 3255 the
198 3198 286 3269 thIng,
301 3198 427 3253 whether
437 3198 474 3252 he
489 3198 539 3253 hae
552 3199 689 3254 collected
703 3198 772 3253 such
783 3197 916 3269 produce,
930 3215 963 3252 or
978 3197 1044 3268 only
1058 3198 1150 3251 would
1161 3198 1233 3256 have

134 3284 271 3339 collected
285 3285 324 3340 it:
345 3285 402 3339 and
416 3283 460 3339 his
476 3285 532 3339 loss
547 3285 663 3339 consiste
677 3286 708 3337 iu
722 3283 784 3338 that
798 3284 1035 3355 producentibus
1048 3284 1097 3339 tho
1111 3300 1233 3355 expense

134 3369 168 3425 of
184 3371 341 3441 improving
354 3370 404 3425 the
418 3370 507 3440 thing,
521 3370 576 3424 and
589 3371 623 3425 of
634 3370 782 3441 collecting
798 3369 846 3425 tho
860 3370 994 3441 produce.

188 3456 225 3509 V.
261 3455 328 3511 Also
347 3455 397 3509 the
415 3454 491 3526 hope
509 3456 542 3510 of
557 3456 623 3527 gain
642 3456 715 3510 from
738 3473 755 3509 a
772 3455 853 3527 thing
875 3455 965 3509 which
985 3457 1009 3511 is
1029 3472 1094 3511 ours
1113 3473 1179 3528 may
1195 3457 1233 3513 be

134 3541 291 3605 estimated,
305 3548 356 3596 not
370 3557 401 3595 as
412 3541 488 3595 what
502 3542 525 3595 it
540 3542 564 3596 is
577 3543 687 3614 slmply,
698 3542 751 3596 but
764 3541 914 3613 accordIng
928 3548 958 3597 to
973 3543 1009 3598 its
1030 3548 1176 3614 prospect3
1201 3559 1233 3598 cs

134 3625 184 3681 the
195 3625 269 3696 hope
281 3626 314 3680 of
325 3626 374 3681 the
388 3626 501 3681 harvest
515 3628 545 3680 ln
558 3627 606 3681 the
618 3645 714 3682 sower.

184 3711 236 3766 VL
273 3711 389 3767 Resides
403 3712 462 3766 him
481 3711 543 3766 who
555 3712 746 3785 immedIetely
760 3730 857 3768 csuses
867 3712 917 3769 the
931 3713 995 3777 loss,
1012 3713 1107 3769 others
1121 3714 1233 3786 msybc

133 3795 238 3861 bound,
249 3796 341 3851 either
355 3797 393 3869 by
408 3798 494 3868 doing
506 3814 539 3852 or
549 3805 599 3852 not
611 3799 703 3870 doing.

187 3881 231 3952 By
249 3881 344 3952 doing,
364 3899 441 3938 some
455 3884 608 3954 primarily,
623 3885 718 3940 others
733 3884 924 3956 secondarily:
948 3885 1106 3957 Primarily,
1117 3885 1155 3940 ho
1169 3885 1232 3941 who

133 3967 295 4021 commands
308 3969 340 4031 it,
350 3967 413 4023 who
424 3968 501 4039 gives
512 3968 562 4024 the
573 3971 706 4041 requisito
721 3978 845 4034 consent,
859 3972 922 4025 who
934 3970 1022 4041 hclps,
1033 3971 1096 4025 who
1110 3972 1233 4027 recalves

133 4050 208 4106 what
222 4053 246 4107 is
257 4053 351 4117 taken,
367 4069 400 4108 or
413 4053 475 4109 who
490 4055 671 4127 participator
687 4057 716 4110 iu
730 4056 780 4110 the
795 4058 881 4111 erisne
896 4057 926 4110 in
941 4074 996 4128 any
1011 4055 1093 4112 other
1104 4075 1174 4129 way.

185 4137 249 4193 VII.
289 4139 479 4212 Secondarily,
494 4140 556 4195 who
568 4141 684 4206 advises,
698 4142 812 4213 prnIscs,
826 4159 971 4214 approvos.
1010 4142 1065 4197 Sec
1080 4142 1186 4198 Cicero.

182 4222 264 4279 VIII.
302 4222 369 4279 hlso
383 4225 421 4296 by
435 4231 487 4280 not
503 4225 596 4297 doing,
610 4228 755 4299 primarily
773 4228 829 4281 and
845 4227 1028 4299 secondarily.
1074 4228 1233 4300 Primarily,

132 4307 214 4364 when
228 4326 284 4365 one
298 4311 360 4365 who
374 4311 412 4383 by
426 4310 470 4366 his
485 4327 589 4384 proper
602 4313 678 4385 right
692 4312 780 4385 ought
789 4320 819 4369 ιο
831 4314 925 4370 forbid
937 4314 985 4369 the
997 4318 1052 4378 act,
1063 4330 1096 4368 or
1106 4313 1172 4384 help
1184 4313 1234 4367 the

132 4408 236 4464 person
249 4397 389 4469 wronged,
403 4397 470 4455 does
483 4403 543 4455 not.
