2834 4920
128 281 199 336 cnr.
212 274 310 350 xm]
451 280 504 335 DE
527 280 626 337 tuan
649 280 902 337 snPUnTUnAE.
1165 271 1228 334 223

126 443 217 533 peliri
232 441 391 517 vetabant,
405 439 571 527 impietatis
584 450 709 508 accusat
724 441 860 530 Optatus
877 442 1087 510 Milevitauus.
1134 442 1225 529 Apud
1239 468 1287 518 ope
1296 469 1323 506 a

125 541 291 630 Papinium
308 542 425 625 (Tiso.
443 560 501 608 x11.
522 541 618 625 165):

471 659 552 714 Bello
567 660 708 731 cogendus
722 667 752 715 et
766 661 850 716 armis

386 746 421 800 In
435 762 527 801 mores
541 745 739 816 hominemque
753 748 852 802 Oreon.

125 845 312 934 Spartianus
333 844 412 911 tales
432 844 479 911 ait
500 866 567 910 esse
590 845 656 910 sinc
677 845 877 912 humanitatis
899 845 1094 913 reverentia:
1121 847 1226 915 Livius
1239 866 1304 950 gna
1281 867 1367 951 ,stig

127 945 277 1012 savinam
302 952 394 1010 vocat
419 943 503 1011 ultra
527 944 769 1010 humanarum
760 968 877 1011 marum
904 946 1005 1012 fidem.
1053 915 1375 1013 Ἧοιιιιιιιιιίιινιωι

128 1039 287 1112 dixerat’
267 1041 379 1113 αεικὲα
397 1038 495 1138 ἔργα.
536 1045 654 1109 Eorum
671 1044 725 1131 qui
741 1067 1002 1133 supervacaneam
1024 1045 1164 1114 lacerent
1181 1070 1227 1113 sc-

128 1144 295 1257 pulturam,
320 1142 534 1209 Lactantius
525 1143 651 1231 impiam
674 1154 766 1212 vocat
785 1144 977 1232 sapientiam
1022 1147 1163 1212 Eandem
1187 1148 1360 1213 oblitu-¹2

129 1265 250 1309 causam
267 1241 379 1329 impius
395 1242 537 1308 Eteocles
552 1243 690 1330 Papinio.
1241 1269 1300 1308 ma
1310 1268 1339 1307 ιι

202 1342 305 1407 11.1
338 1341 563 1428 Quseprimum
580 1364 673 1409 causa
689 1342 783 1408 moris
798 1342 890 1430 hujus
904 1343 1119 1410 introducendi
1133 1316 1298 1411 fueritin

129 1450 165 1507 ut
197 1462 328 1529 corpora
361 1442 455 1507 humo
481 1450 674 1530 tegerentur,
708 1442 772 1507 sive
801 1443 925 1508 condita
952 1444 1048 1530 prim,
1075 1453 1111 1509 ut
1144 1445 1227 1531 apud

129 1540 346 1630 AEgyptioest
322 1562 386 1606 ιιιι
399 1549 546 1618 cremata,
560 1549 596 1607 ut
610 1541 693 1628 apud
712 1542 838 1608 Graecos
854 1541 1065 1628 plerosque,'
1042 1564 1108 1608 sive
1123 1542 1168 1609 ita
1182 1543 1227 1608 uti
1241 1558 1312 1641 gem
1316 1556 1371 1642 1¹1&

130 1649 211 1716 sunt,
232 1662 323 1726 quem
343 1661 461 1705 morem
484 1663 551 1706 csse
570 1641 814 1727 antiquissimum
837 1641 959 1707 notavit
974 1642 1083 1707 Cicero
1106 1651 1138 1708 et
1159 1650 1288 1729 postu&

130 1762 201 1805 cum
216 1732 357 1817 ‘Plinius
375 1740 414 1805 de
430 1762 466 1805 eo
481 1761 543 1805 non
554 1739 636 1805 idem
652 1741 792 1806 omnibus
806 1739 938 1806 videtur.
972 1742 1055 1807 Nam
1067 1741 1229 1807 Moschion

129 1838 285 1905 existimat
314 1838 502 1905 occasionem
528 1840 634 1905 datam
660 1861 699 1905 ex
730 1840 880 1928 gigantea
908 1839 1033 1907 feritate
1063 1841 1229 1908 mandendi

129 1937 279 2015 homines,
294 1938 380 2026 cnjus
396 1938 520 2004 abolitae
537 1937 659 2028 signum
676 1941 889 2028 sepulturam
908 1939 953 2006 ita
969 1941 1050 2006 enim
1067 1940 1130 2008 ait:
1241 1952 1370 2001 Antaeo

346 2057 427 2112 Tunc
441 2063 533 2112 morte
547 2064 643 2130 raptos
657 2060 826 2131 imperatum
840 2060 948 2131 legibus
1242 2001 1360 2184 iiiiii„
1291 2000 1387 2140 ”iiiii

345 2143 483 2198 Mardara
497 2149 588 2208 terrra,
602 2145 781 2216 pulveromre
796 2147 957 2218 inspergere
1242 2137 1360 2231 ΜΕ·

346 2229 477 2284 Necdum
491 2230 616 2301 sepultis,
630 2247 667 2286 ne
682 2231 817 2287 darentur
830 2233 953 2304 conspici

345 2312 543 2370 Abominanda
557 2317 636 2387 signa
650 2324 746 2388 pastus
761 2318 880 2389 pristini.

1242 1693 1393 1743 israuca

206 2422 226 2486 2
260 2418 339 2486 Aliis
359 2420 505 2486 videntur
527 2422 585 2486 hoc
610 2424 702 2489 modo
719 2422 858 2487 homines
876 2423 960 2489 velut
979 2431 1088 2509 sponte
1105 2422 1232 2488 solvisse

131 2520 279 2601 debitum,
307 2520 392 2607 quud
413 2518 529 2605 alioqui
555 2520 607 2586 wel
633 2521 674 2588 ab
703 2521 807 2587 invitis
834 2523 950 2609 repetit
973 2531 1093 2587 natura.
1147 2522 1231 2586 Nam

174 2696 186 2725 ⁴
199 2695 294 2743 Mullihi
307 2696 332 2742 in
344 2695 461 2743 Oratione
477 2695 610 2754 Ciceronis,
627 2697 658 2742 ad
703 2710 838 2756 puupmm
848 2696 977 2756 sepultura

131 2786 202 2833 quam
212 2771 315 2818 remittit
323 2783 417 2830 margo,
425 2770 547 2830 reperitur
556 2784 602 2816 vox
613 2770 658 2815 hu·
753 2771 898 2817 ‘Homerus
925 2771 1020 2818 diruat
1044 2769 1128 2818 ἀεικέα
1154 2770 1230 2833 ἔργα]

129 2847 258 2904 munitatis,
266 2846 316 2907 juri
325 2846 456 2906 sepulturas
467 2845 656 2891 adcommodata.
707 2845 774 2891 Idem
790 2846 885 2893 iliados
898 2846 920 2892 o'
935 2847 951 2893 J
953 2861 1019 2893 ovem
1031 2851 1056 2893 et
1065 2847 1131 2893 Deos
1143 2848 1233 2894 Achilli

98 2926 103 2936 ⁴
132 2921 258 2982 Originenr
276 2920 370 2976 erroris,
386 2919 410 2964 iu
428 2918 474 2965 hoo
491 2924 516 2965 st
532 2919 584 2964 aliis
599 2918 658 2965 locis
706 2923 781 2968 iratos
801 2922 874 2968 fuisse
894 2923 959 2979 dicit,
977 2924 1007 2967 ob
1025 2923 1087 2968 male
1103 2928 1232 2969 tractatum

130 2997 241 3054 laudatis,
259 2996 387 3043 ostendent
403 2994 475 3040 Notas
492 2999 580 3040 nostrae
598 2993 658 3040 Gal-
708 3008 794 3053 corpus
816 2995 935 3051 Hectoris,
958 2995 1031 3056 [vers.
1052 2998 1103 3052 113,
1122 3001 1144 3041 et
1168 3011 1231 3056 seqq.

130 3072 197 3119 licre:
212 3072 297 3118 harum
313 3071 376 3118 enim
393 3070 478 3116 modus
493 3083 541 3115 non
559 3069 658 3129 patitur,
708 3070 786 3116 Locus
802 3074 883 3114 autern
898 3071 923 3114 in
939 3075 1054 3115 contentu
1068 3070 1179 3115 laudatus
1197 3079 1234 3117 est

130 3152 159 3194 nt
169 3147 249 3193 omnia
258 3146 373 3203 dicamus,
383 3145 515 3205 praesertim
532 3145 556 3189 in
572 3144 618 3190 isto
633 3149 658 3190 et
707 3145 782 3192 lttad.
794 3155 865 3191 xxrr.
875 3145 929 3192 395.
939 3149 965 3190 et
975 3156 1055 3189 xnus
1064 3147 1101 3189 24.
1132 3145 1213 3205 .Ῑ.Β.]

130 3221 276 3282 praecedenti
284 3218 549 3280 Capite,quoeomnium
556 3219 658 3265 maxime
754 3218 883 3278 fPlinius]
906 3218 1021 3264 Historia
1036 3216 1167 3264 Naturalis
1186 3232 1233 3268 vn.

130 3296 219 3344 talibus
228 3295 477 3356 delectamentum.
507 3294 579 3342 J.B.
708 3296 745 3341 54.
762 3295 803 3341 ubi
824 3301 849 3341 et
869 3295 929 3340 hoc:
958 3294 1070 3352 Sepultus
1095 3295 1236 3355 intelligitur

175 3368 354 3429 dlactantius]
370 3370 447 3429 cujus
457 3373 482 3416 et
496 3369 542 3415 hoo
555 3374 592 3415 est
604 3368 657 3414 Lus.
707 3384 800 3430 quoquo
815 3370 883 3415 modo
900 3369 1025 3417 conds'tua:
1047 3370 1157 3417 humutua
1174 3387 1236 3431 rere,

131 3458 169 3494 ιι.
185 3461 207 3493 c.
218 3448 256 3492 12.
290 3446 404 3493 Ultimum
419 3445 518 3491 illudet
531 3445 658 3491 maximum
708 3444 777 3490 humo
787 3450 909 3492 εοιιιιιιιιι.

127 3522 227 3583 puertia
250 3522 355 3584 officium
379 3525 421 3578 est,
436 3520 618 3581 peregrinentur
637 3524 659 3566 et

130 3774 186 3828 tica
201 3771 234 3828 of
242 3772 364 3844 burying
375 3772 488 3836 bodics;
505 3771 596 3826 either
610 3772 671 3827 first
688 3771 859 3841 embalming
873 3770 960 3836 them,
972 3787 1002 3825 as
1016 3769 1066 3827 the
1080 3772 1236 3844 Egyptians

131 3859 196 3924 did;
214 3859 377 3930 orburning
387 3857 475 3923 them,
489 3874 519 3912 as
529 3875 631 3928 among
643 3857 692 3913 the
701 3857 808 3912 Greeks
820 3855 938 3930 mostly;
956 3874 990 3911 or
1003 3857 1122 3912 without
1136 3876 1236 3931 prepa-

130 3945 232 4007 rat-ion,
248 3944 340 3999 which
358 3944 456 3999 Cicero
469 3950 550 3999 notes
565 3961 595 3999 ae
607 3944 656 3999 tho
675 3943 766 3998 oldest
783 3944 915 4015 practica.
953 3944 1100 4000 Moschion
1115 3944 1237 4016 thought

131 4029 181 4086 the
193 4036 302 4086 custom
315 4030 451 4085 intended
465 4036 495 4085 to
509 4031 546 4086 ba
560 4048 578 4084 a
590 4029 734 4085 memorial
750 4029 783 4084 of
794 4028 843 4084 the
857 4029 994 4085 abolition
1008 4030 1041 4085 of
1053 4031 1102 4086 the
1113 4033 1237 4103 practitso

132 4116 165 4172 of
174 4118 270 4188 eating
284 4115 390 4171 human
402 4115 510 4172 bodies.
538 4110 627 4186 [Sca]

186 4208 203 4256 2
222 4203 326 4258 Others
338 4203 438 4273 regard
451 4203 475 4256 it
485 4218 516 4257 as
528 4220 546 4257 a
554 4202 658 4272 willing
670 4207 804 4274 payment
816 4202 849 4257 of
857 4219 875 4256 a
886 4200 955 4258 dobt
965 4208 996 4257 to
1008 4203 1126 4267 Nature,
1139 4202 1237 4267 which,

131 4287 158 4343 ii
174 4295 225 4344 not
245 4290 338 4360 giren,
355 4288 406 4343 she
420 4289 476 4342 will
488 4288 561 4343 take.
606 4287 682 4343 That
698 4306 764 4343 man
783 4290 806 4343 is
821 4289 904 4343 made
918 4289 993 4344 from
1008 4288 1098 4351 earth,
1116 4306 1170 4342 was
1185 4294 1237 4342 ιιοι

132 4374 199 4446 only
211 4375 272 4430 told
285 4381 315 4430 to
330 4374 423 4429 Adam
436 4374 475 4446 hy
491 4374 563 4430 God.
602 4374 701 4429 Cicero
713 4375 771 4429 also
784 4381 883 4445 quotes
894 4375 969 4430 from
978 4374 1136 4445 Euripides,
1145 4373 1238 4427 Eortls

131 4468 159 4516 ιο
173 4461 267 4524 carthr
284 4461 341 4516 and
353 4461 384 4516 in
397 4460 473 4517 Eccl.
486 4460 532 4516 xii.
548 4463 574 4527 7,
591 4478 632 4516 we
645 4459 723 4526 read,
740 4461 813 4515 Thess
826 4461 896 4516 shall
913 4461 954 4515 tlte
967 4461 1030 4514 duat
1047 4468 1142 4514 return
1156 4467 1182 4512 to
1197 4459 1238 4513 tlte
