2834 4920
251 236 316 299 450
434 245 487 300 DE
510 246 645 333 ciuem
666 246 798 304 JUSTIS
820 248 874 305 UT
895 249 1062 316 BELLUM,
1083 251 1166 307 ETO.
1227 252 1308 325 [Lis.
1322 253 1366 310 11.

252 418 318 475 tum
346 408 470 497 quidem
496 410 614 498 aliquid
638 410 766 489 iaciunt,
793 435 855 478 non
881 423 986 481 autem
1012 414 1134 501 injuste,
1168 426 1366 487 annumerat

252 508 401 574 famulum
419 510 535 575 domini
556 511 757 596 imperantis:
780 511 896 599 injuste
917 522 1022 580 autem
1039 538 1110 580 eum
1131 515 1177 582 ait
1199 539 1313 606 agere,
1341 540 1364 585 a

252 630 314 695 quo
331 608 460 675 actionis
477 608 661 696 principium
681 619 749 686 est;
775 610 922 678 nimirum
938 612 1012 699 quia
1027 612 1061 679 in
1076 614 1192 682 famulo
1210 616 1261 684 vis
1279 616 1362 684 deli·

252 708 393 775 beratrix
408 709 501 797 plena
518 730 581 773 non
597 716 655 785 est,
670 718 707 775 ut
723 709 839 776 indicat
854 711 1073 798 proverbium:

461 826 566 898 Ἦμισυ
582 831 629 895 τῆς
649 826 742 898 <ipsuis
762 826 880 899 ἆποαίρει
897 827 1002 884 δούλιον
1018 825 1094 904 ἦμαρ.

464 931 590 986 Dimidia
604 931 708 987 virtute
722 938 799 988 caret
810 934 914 989 servire
929 939 1051 991 coaetus.

248 1030 291 1095 Et
305 1028 436 1096 simile²2

416 1131 519 1204 Ἧμιαυ
540 1131 591 1206 γάρ
609 1156 637 1188 τε
659 1137 718 1189 νόου
735 1132 902 1207 ἀπαμείρεται
923 1133 1036 1207 cipriano
1058 1135 1119 1192 Zeis

419 1219 526 1291 Ἀνδρῶν
547 1219 592 1277 οὓς
613 1217 645 1273 ἂν
665 1220 695 1289 δν)
719 1219 782 1275 κατὰ
802 1220 907 1275 δούλιον
923 1215 990 1293 ἦμαρ
1011 1219 1099 1289 ἕλῃσι.

419 1319 541 1373 Tollitur
555 1319 620 1373 huic
634 1318 780 1373 hominum
793 1320 890 1390 generi
904 1337 969 1392 pars
983 1319 1073 1374 slters
1087 1323 1189 1377 mentis

420 1404 465 1459 Ab
478 1407 559 1471 Jove,
572 1405 702 1460 servilem
716 1406 805 1461 voluit
820 1421 890 1477 quoe
904 1405 1008 1462 ducere
1022 1406 1117 1461 ritem.

82 1525 128 1564 so.
156 1528 199 1565 noa
246 1503 289 1568 Et
305 1501 382 1568 illud
398 1524 459 1588 quo
477 1503 567 1568 Philo
583 1501 701 1569 utitur:

80 1581 136 1611 οαυι.
165 1573 208 1610 roo.

127 1622 130 1627 '
419 1624 520 1676 Δοῦλος
536 1620 661 1693 πέφυκας.
691 1622 722 1675 οὔ
742 1621 851 1692 μέτεστί
871 1644 915 1678 σοι
935 1624 1025 1696 λόγου.

420 1726 500 1780 Servi
514 1731 564 1780 tua
578 1731 621 1780 est
634 1726 763 1780 fortuna:
787 1724 877 1781 nratio
892 1726 929 1780 ad
943 1733 973 1782 te
986 1726 1066 1782 nihil.

80 1832 135 1871 ΑΜ·
145 1830 200 1873 Μ
247 1825 292 1890 Et
307 1823 383 1889 illud
399 1824 518 1889 Taciti:
529 1826 682 1910 principi
691 1847 853 1890 summam
869 1848 981 1891 rerum
989 1826 1156 1909 judicium
1171 1826 1239 1891 Dii
1256 1828 1351 1893 dedc-

244 1937 332 1999 νυνι,
359 1925 501 1990 subditis
534 1924 677 2008 obsequii
707 1925 819 2007 gloria
851 1926 969 1989 relicta
1002 1937 1058 1991 eet.
1109 1924 1230 1989 Narrat
1265 1925 1349 1991 idem

67 2034 129 2075 Μ’·
139 2033 169 2073 ¹¹1·
180 2035 210 2079 ¹⁷·
243 2023 376 2110 scriptor
394 2020 514 2086 Pisonis
530 2021 625 2086 filium
638 2043 658 2086 a
671 2022 795 2086 'liberio
808 2021 935 2087 crimino
951 2022 1024 2088 belli
1040 2021 1137 2088 civilis
1152 2032 1346 2111 purgatum:

238 2125 353 2207 patris
370 2123 488 2205 quippe
496 2121 603 2204 jassa,
621 2142 678 2185 nec
688 2123 834 2205 poluisse
844 2123 955 2205 filiam
973 2125 1160 2188 detrectare.
1183 2123 1346 2190 ⁰Seneca:

243 2243 354 2287 cereas
369 2221 484 2285 herilis
500 2222 634 2304 imperii
649 2242 713 2285 oon
730 2242 840 2286 censor
856 2233 913 2296 est,
931 2223 987 2287 sed
1002 2224 1158 2287 inianter.

74 2324 223 2413 ,¹3¹3ssth
319 2322 340 2385 3
374 2320 418 2384 Et
446 2318 621 2406 specialiter
649 2318 682 2384 in
708 2320 766 2385 hac
789 2319 829 2385 de
854 2319 963 2386 militia
988 2321 1158 2405 questione
1180 2318 1226 2386 ita
1249 2320 1347 2387 sensit

283 2496 295 2523 ¹
310 2495 400 2541 Versus
407 2491 537 2548 Homerici,
545 2505 605 2551 ques
615 2496 694 2539 tamen
704 2494 768 2539 Auc-
819 2494 923 2554 Eiymol.
936 2495 1022 2556 Μαρο.
1040 2495 1096 2544 vid.
1114 2494 1188 2542 Clark
1204 2499 1230 2541 et
1247 2494 1345 2543 Ernesti

239 2567 766 2627 tornouexipsoionte‚sedqunleslegun·
819 2571 912 2617 adhl.
942 2571 980 2617 M.
996 2569 1033 2630 T.]
1065 2571 1246 2616 Prreeedentem
1262 2580 1344 2617 sutem

240 2651 281 2691 tur
293 2644 357 2703 apud
369 2644 519 2697 Punrosuu,
535 2640 656 2701 chepib.
667 2641 720 2687 Lib.
731 2655 766 2687 vi.
819 2656 914 2689 versum
930 2645 1009 2690 hausit
1025 2645 1147 2690 Auctore
1165 2644 1296 2702 Louosxo,
1316 2645 1345 2691 dc

240 2734 297 2779 pag.
308 2720 351 2765 777
367 2731 390 2763 s.
414 2717 465 2763 Ed.
472 2717 505 2762 11.
516 2716 597 2774 Stepb.
617 2716 669 2762 heic
685 2718 766 2763 refert.
819 2720 916 2765 Sublim.
930 2719 990 2779 §43-
1002 2720 1047 2764 uisi
1058 2720 1164 2779 quodibi
1175 2720 1268 2779 legitur
1279 2721 1345 2768 α’πο-

240 2791 490 2851 NnmipsePoetsitn
499 2790 766 2836 habetinEditiouibus
819 2795 926 2839 αἰνυται.
960 2794 1054 2839 lihetor
1070 2794 1141 2839 etiam
1158 2795 1227 2841 illum
1243 2798 1345 2856 profert,

240 2869 340 2914 nostris:
818 2872 939 2927 tamquam
951 2883 980 2914 ox
991 2869 1104 2915 Homero.
1136 2869 1207 2917 J.B.

247 2958 321 3003 Ημιαυ
328 2951 367 3005 γάρ
376 2951 393 2993 τ’
401 2952 474 3004 &perric
483 2951 607 2992 ἀποαίνυται
617 2949 707 3002 εὐρύοπα
716 2951 766 2994 Ζεὺς
861 2950 872 2974 ¹¹
887 2943 962 2988 Ratio
971 2944 1006 2989 ad
1014 2949 1036 2989 ie
1045 2943 1118 3004 nillil]
1133 2945 1280 2993 Themistius
1290 2962 1345 2994 ortl-

240 3021 323 3071 Ἁνέρος,
333 3019 374 3060 eir·
383 3018 409 3060 ἅν
416 3035 454 3069 μιν
462 3017 515 3060 κατὰ
523 3020 607 3059 δούλιον
619 3015 674 3069 ἦμαρ
683 3016 764 3065 iliw-
816 3017 883 3063 tinne
903 3031 939 3064 lx.
962 3018 1082 3078 principes
1101 3019 1190 3065 rationi
1211 3035 1264 3067 esse
1285 3023 1345 3069 (licit

243 3096 667 3156 orpes.Lib.xv11.vere.3ss,323.
692 3093 764 3152 [Lec-
816 3093 912 3149 similes,
927 3093 1014 3139 milites
1033 3093 1081 3140 irre.
1114 3094 1188 3154 (Peg.
1201 3096 1255 3143 197.
1277 3097 1345 3145 Bais.

241 3172 330 3218 tionem
341 3171 449 3217 Platonis
462 3171 551 3215 babent
562 3174 587 3214 et
598 3170 729 3214 Atheumus
740 3172 765 3213 et
819 3142 900 3214 Peius.
910 3168 978 3215 1618.
989 3168 1030 3213 ubi
1039 3168 1106 3224 illud,
1114 3169 1182 3228 quusi
1192 3184 1222 3216 ex
1234 3170 1344 3228 Platone,

241 3397 293 3452 but
305 3398 341 3451 do
353 3405 404 3451 not
416 3404 461 3451 act
477 3397 607 3468 unjustly,
625 3396 675 3451 the
689 3402 801 3451 serrant
816 3397 849 3451 of
866 3396 915 3451 the
930 3403 1035 3452 master
1050 3397 1110 3451 who
1126 3398 1288 3452 commands
1304 3400 1343 3464 it3

240 3483 277 3536 ho
297 3500 359 3553 says
379 3483 442 3536 that
462 3483 498 3536 hc
522 3481 583 3537 who
602 3485 632 3537 in
648 3482 717 3537 such
734 3500 797 3538 caso
812 3490 871 3537 acts
886 3483 1018 3554 uujustly,
1038 3484 1060 3537 is
1077 3483 1113 3538 ho
1131 3484 1160 3537 in
1179 3483 1272 3538 whom
1292 3483 1342 3538 tho

240 3569 331 3638 origin
346 3568 378 3620 of
387 3567 436 3621 the
451 3569 544 3621 action
557 3569 587 3621 is.
633 3570 690 3622 For
704 3570 733 3621 in
751 3570 799 3623 the
814 3576 934 3633 serrant,
946 3570 994 3623 the
1005 3585 1099 3640 power
1113 3569 1147 3623 of
1155 3569 1342 3624 deliberation

241 3655 263 3708 is
276 3660 325 3707 not
337 3653 484 3723 completo.
516 3655 554 3706 As
569 3655 598 3705 in
612 3654 660 3707 the
669 3655 796 3724 proverb,
810 3655 865 3708 and
878 3656 907 3707 in
919 3656 1034 3718 Homer,
1052 3656 1104 3708 The
1116 3657 1170 3725 day
1182 3656 1240 3708 thot
1252 3656 1342 3709 melers

239 3759 305 3793 cnon
319 3758 338 3791 a
352 3740 422 3792 cloec
432 3738 503 3791 tabes
518 3739 583 3810 half
593 3741 632 3792 liis
644 3741 729 3792 worth
743 3758 831 3808 αυυαρ.
866 3740 929 3793 And
941 3757 971 3794 so
984 3740 1076 3804 Philo,
1094 3741 1155 3794 Yon
1169 3758 1217 3793 are
1228 3759 1248 3794 α
1261 3742 1342 3806 slave,

239 3828 311 3879 schot
326 3828 389 3879 bace
404 3843 460 3895 you
472 3833 497 3876 to
512 3825 546 3876 ‹io
561 3825 623 3877 soille
641 3826 757 3878 reason?
793 3827 831 3878 So
850 3826 972 3882 Tacitus.
1009 3827 1073 3880 And
1087 3826 1137 3880 the
1154 3842 1231 3879 same
1246 3827 1343 3881 writer

238 3920 364 3966 narrates
375 3912 436 3965 that
448 3910 575 3964 Tiberius
590 3910 704 3979 forgnve
719 3909 768 3965 the
783 3911 868 3965 crime
881 3912 913 3964 of
924 3912 1010 3965 Piso’s
1022 3929 1082 3977 son,
1091 3912 1152 3966 who
1167 3912 1295 3982 engaged
1312 3913 1342 3965 iu

238 4000 288 4053 ihc
301 4000 363 4052 civil
379 4014 449 4050 war:
469 3997 589 4050 because
609 3996 651 4049 his
671 3996 765 4051 iether
779 3996 972 4058 commanded,
986 3998 1041 4051 and
1060 3998 1109 4052 the
1124 4015 1175 4051 son
1190 3998 1273 4051 could
1289 4006 1341 4052 not

238 4085 341 4139 refuse.
380 4085 418 4137 So
438 4084 546 4137 Seneca
563 4099 634 4155 says,
655 4083 707 4135 ΤΙεο
724 4082 831 4137 claveis
847 4092 893 4138 aot
907 4085 948 4137 tlc
962 4085 1046 4149 critic,
1058 4086 1104 4138 bot
1121 4086 1161 4139 tlte
1175 4083 1297 4138 mirsisler
1311 4085 1347 4158 of

239 4173 280 4225 tlte
294 4171 444 4223 comesione.

292 4262 308 4310 3
332 4256 396 4309 And
411 4254 559 4326 especially
571 4255 599 4309 in
615 4254 670 4309 this
682 4255 811 4324 question
826 4254 859 4309 oi
870 4256 964 4326 acting
979 4273 1009 4310 as
1025 4273 1042 4309 a
1056 4255 1167 4318 soldier,
1182 4255 1341 4325 Angustiae

238 4359 269 4397 so
284 4341 412 4411 thought.
451 4342 495 4395 llo
510 4358 580 4412 says,
594 4340 621 4395 A
634 4343 691 4413 just
706 4359 772 4394 υιαα
786 4342 876 4412 ααιίηρ
890 4361 920 4396 as
934 4343 1038 4406 soldier,
1049 4359 1109 4395 enen
1122 4342 1208 4395 eredes·
1221 4360 1240 4394 α
1255 4344 1341 4395 sacri-

239 4428 335 4497 lcpious
347 4427 419 4499 king,
435 4446 499 4498 snoy
511 4428 610 4499 rightly
628 4427 687 4483 take
704 4446 723 4482 α
740 4437 809 4499 port
827 4428 856 4482 in
873 4447 932 4483 wer
946 4438 975 4483 at
994 4429 1034 4482 leis
1051 4428 1202 4492 cominend,
1219 4427 1252 4498 {f
1266 4428 1297 4481 bc
1312 4429 1341 4482 be
