2834 4920
222 225 286 290 268
669 236 720 291 DE
743 236 880 292 POENIS.
1198 232 1272 304 [Lus.
1283 234 1323 292 11.

214 399 411 482 permissam
437 419 460 462 a
490 398 642 464 Creatore
668 397 796 461 ocalam
818 397 959 480 eripente
976 417 1041 479 pro
1069 396 1170 472 ocalo,
1193 407 1226 461 et
1247 398 1323 462 den·

222 508 284 562 tem
294 519 360 583 pro
377 499 478 572 dente,
496 508 611 562 contra
626 497 696 580 ipse
713 496 853 560 alteram
866 495 1010 580 amplias
1024 496 1197 560 maxillam
1211 497 1324 580 offerri

213 595 339 679 jahens,
366 603 396 662 et
418 618 515 680 saper
538 596 684 660 tunicam
702 595 813 680 pallio
838 616 961 680 quoqne
985 594 1066 661 cedi.
1113 595 1224 659 Plane
1256 595 1323 661 hoec

223 697 375 761 Christos
403 696 568 780 adjecerit,
591 705 629 759 at
653 695 873 781 supplementa
901 705 1113 759 consentanea
1135 694 1323 776 disciplina

222 796 398 860 Creatoris.
449 795 557 879 Atque
583 795 664 859 adeo
689 795 749 858 hoe
775 795 890 858 statim
914 793 1168 858 rersnntiandam
1194 804 1250 869 est,
1276 815 1321 859 an

219 894 399 979 disciplina
410 895 584 979 patientia
600 893 801 977 pradicetar
818 913 915 982 penes
936 893 1130 958 Creatorem·
1177 892 1239 957 Sic
1257 914 1321 977 per

55 991 129 1034 *W
222 994 426 1058 Zachariam
445 993 612 1078 pracipit,
634 1012 673 1056 ne
697 994 918 1076 animqaisque
938 992 1106 1055 malitiam
1120 991 1253 1076 fratris
1268 994 1321 1058 sai

218 1093 409 1167 meminerit,
432 1094 488 1157 sed
517 1113 574 1157 nec
597 1091 751 1180 proximi.
803 1093 895 1156 Nam
922 1101 952 1155 et
978 1112 1116 1156 rarmts:
1140 1091 1317 1167 malitiam,

218 1191 336 1276 inquit,
348 1193 498 1276 pronimi
514 1192 571 1256 sai
589 1192 805 1276 unusquisqne
820 1213 859 1256 ne
873 1191 1033 1274 recopitet.
1084 1190 1194 1255 Malta
1211 1193 1319 1276 mapis

213 1291 416 1374 patientiam
431 1291 555 1355 indiait
572 1289 712 1372 injuria,
729 1291 786 1375 qai
810 1291 933 1355 indinit
952 1290 1148 1354 oblivionem.
1195 1290 1265 1355 Sed
1287 1302 1318 1357 et

220 1410 319 1474 qnam
335 1390 428 1466 dicit,
445 1391 529 1455 milei
555 1390 736 1455 vindictam
752 1400 783 1453 et
799 1411 855 1473 epo
869 1389 1052 1467 vindicabo,
1064 1389 1206 1475 proinde
1224 1391 1317 1474 pati-

218 1490 340 1554 entiam
366 1491 456 1554 docet
481 1490 634 1554 vindicta
661 1490 931 1572 ecspectatricem.
982 1490 1025 1552 In
1054 1499 1213 1571 quantam
1241 1511 1316 1574 erpo

216 1609 280 1654 non
303 1591 404 1675 capit,
429 1600 467 1653 ut
491 1589 577 1654 idem
599 1589 752 1652 videatur
777 1599 807 1653 et
830 1589 954 1654 dentem
972 1589 1161 1672 prodente,
1187 1589 1316 1654 ocnlam

209 1709 276 1774 pro
298 1689 399 1763 oculo,
420 1690 457 1752 in
481 1689 583 1753 oieem
604 1686 735 1770 injuria
757 1688 891 1771 ccipere,
916 1688 974 1772 qni
997 1707 1061 1750 non
1083 1687 1177 1771 modo
1201 1689 1313 1763 ricem,

215 1789 394 1853 sedetiam
418 1787 581 1862 altimtem,
599 1787 699 1850 etiam
723 1788 977 1851 recordationem
998 1797 1028 1851 et
1052 1778 1314 1870 r'ecopitationem

217 1886 349 1970 injuria
360 1887 523 1972 prohihet,
541 1887 581 1949 in
599 1892 727 1949 tantam
744 1887 894 1972 aperitur
910 1887 1001 1951 nohis
1016 1886 1170 1970 quomodo
1186 1887 1314 1952 ocalam

213 2006 277 2068 pro
294 1986 385 2051 ocule)
407 1997 437 2050 et
459 1986 583 2050 dentem
597 2006 663 2070 pro
688 1984 781 2050 dente
802 1986 968 2066 censuerit,
988 2007 1052 2050 non
1072 1987 1119 2049 ad
1138 1988 1312 2051 secandam

216 2085 376 2167 injuriam
403 2085 538 2149 talionis
561 2085 823 2166 permittendam,
852 2106 951 2170 qaam
971 2085 1189 2170 prohibuerat
1214 2087 1313 2151 iater-

216 2185 309 2249 dicta
325 2185 455 2258 ultione,
473 2185 530 2248 sed
546 2185 592 2247 ad
602 2184 751 2268 primam
763 2186 971 2249 coercendam
986 2206 1084 2269 qaam
1095 2185 1312 2269 prohihuerat

216 2286 366 2368 opposita
396 2284 525 2360 talione,
558 2289 596 2347 at
623 2284 839 2368 anmqaisqae
873 2285 1048 2371 respiciens
1075 2284 1241 2349 licentiam
1267 2306 1313 2350 se-

215 2385 329 2449 canda
353 2383 486 2466 injuria
511 2405 535 2447 a
557 2382 674 2468 prima
699 2385 903 2469 semetipsam
929 2384 1112 2449 contineret.
1158 2384 1313 2449 Facilius

215 2485 299 2548 enim
316 2485 383 2548 aim
408 2485 579 2567 comprimi
605 2484 668 2548 scit
690 2485 972 2564 repraesentatione
990 2483 1133 2556 talionis,
1149 2503 1248 2567 qaam
1264 2505 1313 2548 re-

213 2585 423 2666 promissione
439 2584 583 2647 altionis.
642 2583 824 2666 Utramque
839 2594 947 2646 aatem
964 2583 1224 2646 constituendam
1235 2583 1312 2666 sent

208 2703 273 2765 pro
290 2694 414 2747 natura
433 2693 462 2745 et
481 2682 551 2763 fide
567 2681 740 2753 hominnm,
763 2691 800 2744 at
820 2684 877 2766 qai
898 2683 968 2746 Deo
989 2680 1139 2757 crederet,
1157 2682 1313 2747 alt-ionem

214 2801 237 2843 a
264 2782 334 2846 Deo
366 2791 584 2865 ermentaret:
610 2780 668 2864 qai
701 2779 812 2845 minas
832 2781 959 2862 fideret,
995 2780 1076 2864 lepes
1108 2781 1244 2847 talionis
1269 2783 1310 2845 ti-

213 2891 322 2944 meret.

287 2979 309 3043 4
353 2980 454 3045 Hanc
492 2978 570 3064 lepis
602 2979 799 3044 volantatem
829 2980 868 3044 de
899 2980 1062 3045 intellecta
1099 2978 1310 3056 laborantem,

212 3079 360 3146 dominas
381 3092 411 3145 et
427 3081 567 3155 sabbati,
590 3090 619 3142 et
638 3079 727 3163 lepis,
756 3090 787 3144 et
803 3081 946 3144 omnium
964 3092 1184 3165 paternarum
1204 3082 1312 3165 dispo-

210 3182 365 3246 sitionum
387 3181 534 3245 Christus
560 3189 591 3242 et
617 3179 772 3243 revelarit
789 3190 819 3243 et
836 3190 1008 3264 compotem
1025 3180 1120 3263 fecit,
1149 3181 1313 3245 mamlans

210 3280 349 3344 alterins
369 3300 490 3362 qaoque
512 3277 659 3341 masilia
681 3279 884 3352 oblationem,
907 3289 943 3341 at
966 3289 1056 3342 tanto
1081 3281 1190 3362 mapis
1211 3281 1313 3343 cicera

209 3378 343 3460 injuria
358 3378 565 3459 ectinpaeret,
583 3397 683 3459 qaam
705 3387 736 3440 et
760 3376 809 3440 lea
828 3397 891 3461 per
918 3377 1070 3441 talionem
1086 3378 1233 3442 eol-uerat
1250 3380 1313 3442 im·

209 3549 349 3596 carpilione
357 3547 474 3606 parrana
484 3546 610 3605 amantia
620 3547 639 3590 ii
649 3548 690 3606 qai
700 3548 735 3593 ad
783 3551 805 3593 et
815 3547 849 3593 ad
857 3548 967 3593 aldonem
977 3549 1031 3594 tulit
1041 3549 1154 3606 impetum
1169 3550 1198 3595 ol
1209 3551 1237 3595 id
1245 3551 1313 3612 dicit,

208 3639 260 3671 eam
269 3621 413 3669 manans?
428 3635 497 3667 mex:
509 3622 609 3680 amicit
619 3623 686 3668 Deus
696 3623 733 3679 iis,
783 3622 875 3668 oculum
881 3636 929 3680 pro
939 3623 1020 3668 oculo:
1036 3628 1062 3670 at
1072 3623 1147 3669 alibi:
1158 3626 1205 3669 oia
1214 3627 1314 3673 iracun-

209 3711 268 3758 airos
278 3697 301 3743 si
306 3695 374 3755 firrte
383 3692 522 3741 catenata
532 3706 613 3739 sennes
628 3692 735 3751 abripuit
784 3697 867 3744 ἀοηιηι
878 3699 913 3744 ad
924 3704 1025 3756 morter»,
1041 3698 1105 3758 qnod
1117 3699 1149 3753 si,
1164 3700 1205 3744 uhi
1219 3703 1314 3751 caelum

581 3841 616 3845 --
629 3839 924 3848 ——--———-.--
940 3842 967 3847 .-
985 3841 990 3845 -

209 3949 243 4006 of
254 3949 303 4006 the
321 3949 376 4005 Old
398 3948 570 4012 Testament,
588 3948 650 4003 that
670 3964 830 4019 rengesnee
850 3949 874 4003 ie
892 3953 923 4003 to
941 3948 977 4003 be
996 3948 1049 4004 left
1064 3953 1094 4003 to
1110 3949 1183 4004 God.
1229 3951 1311 4025 They

209 4036 271 4091 who
285 4036 393 4091 believe
404 4035 433 4088 in
448 4032 516 4097 him,
530 4051 579 4090 sre
592 4040 623 4089 to
638 4041 738 4105 expect
753 4033 816 4090 thet
830 4035 875 4091 He
892 4034 949 4089 will
967 4034 1089 4107 punieh3
1111 4036 1178 4109 they
1193 4038 1255 4092 who
1271 4040 1308 4094 do

208 4133 268 4186 not,
282 4138 332 4176 ere
346 4128 376 4176 to
392 4120 452 4175 seer
467 4121 635 4175 retaliation.

260 4215 278 4263 4
308 4207 409 4269 Christ,
432 4204 469 4260 he
488 4205 566 4270 adds,
581 4206 630 4260 did
648 4211 699 4261 not
713 4207 827 4279 destrny
840 4207 890 4262 the
905 4206 1036 4279 tesehing
1050 4208 1084 4263 of
1099 4207 1147 4265 the
1163 4209 1218 4265 Old
1230 4211 1305 4266 an.

207 4295 270 4351 God
283 4294 334 4349 has
345 4292 480 4365 provided
492 4292 592 4363 judges
602 4292 741 4364 ofinjury.
779 4294 908 4349 without
916 4294 981 4361 this,
990 4295 1173 4350 forbearance
1188 4296 1259 4351 lases
1269 4299 1306 4352 its

206 4382 327 4438 reward:
346 4381 392 4436 for
403 4381 426 4437 it
441 4378 465 4435 ir
479 4378 517 4452 by
531 4378 581 4436 the
594 4378 656 4435 sear
670 4379 702 4435 of
714 4379 896 4452 punishment
910 4381 974 4437 thst
988 4381 1081 4454 injury
1096 4382 1120 4437 ir
1135 4382 1302 4438 conaelled.
