2834 4920
214 248 277 312 140
425 257 478 313 DE
499 256 717 313 nsnnnlnns
739 257 788 313 Ac
811 257 1104 314 SPONSIONIBUS.
1192 252 1266 322 [Lm.
1276 254 1315 308 11.

49 433 178 478 metr-⁷·
214 421 355 510 exemplo
381 442 449 502 suo,
465 434 538 487 'cum
563 443 584 486 a
608 418 795 487 samaritide
821 417 937 485 semina
961 440 1074 506 aquam
1096 417 1237 507 accipere
1254 441 1317 485 nou

50 548 122 588 raas
131 549 196 588 nvn
214 520 379 599 recusavit,
400 520 479 611 legis
500 519 615 606 ubique
636 518 933 586 observantissimus.
981 519 1096 586 Sedet
1115 519 1187 584 olim
1210 517 1316 584 David

50 597 88 635 ’ω’
214 620 299 707 apud
316 619 446 707 populos
467 619 658 708 irreligiosos
676 618 852 706 perfugium
875 617 933 684 sibi
950 617 1147 705 quaesiverat,
1164 638 1316 703 nusquam

50 731 177 817 suffitus
215 719 391 784 eonomine
415 719 632 806 reprehensus.
679 716 774 804 Apud
797 716 972 805 Josephum
991 716 1148 782 Solomoni
1165 717 1315 803 templum

49 785 71 827 μ
215 817 380 898 dedicanti,
398 825 432 883 ct
456 817 559 884 oranti
584 824 620 882 ut
645 817 732 882 Deus
756 815 800 882 ibi
822 816 918 883 etiam
942 814 1186 903 alienigenarum
1207 837 1316 903 preces

215 917 387 994 exaudiret,
405 916 473 981 haec
490 915 638 982 tribuitur
654 914 775 980 oratio:
800 909 892 996 ἡμεῖς
918 912 974 983 οὑκ
1001 910 1220 1004 ἀπάνθρωποι
1250 911 1315 996 τήν

216 1013 317 1109 φύσιν
333 1011 444 1093 ἐσμὲν,
462 1009 536 1083 odil
552 1011 738 1106 ἀλλοτρίως
753 1011 836 1105 apris
854 1009 928 1087 roric
946 1010 1012 1106 οὐχ
1034 1009 1223 1108 ὁμοφύλους
1239 1007 1315 1107 ἕχο·

214 1135 286 1195 μεν·
309 1137 373 1180 ooo
396 1137 507 1181 eamus
530 1117 708 1180 inhumano
725 1115 854 1199 ingenio
879 1135 978 1196 aeque
998 1115 1085 1180 mole
1106 1116 1217 1198 affecti
1236 1136 1316 1199 erpo

214 1227 391 1280 eotraoeos.

289 1316 310 1379 5
343 1309 528 1397 Excipiendi
550 1310 592 1377 ab
608 1311 668 1377 hac
683 1312 796 1401 regula
818 1335 880 1378 non
901 1312 946 1377 illi
966 1320 1088 1378 tantum
1110 1311 1214 1399 populi
1237 1332 1315 1399 quos

214 1433 311 1499 snpra
328 1411 472 1486 diximus,
495 1410 551 1475 sed
567 1409 693 1498 insuper
712 1411 900 1477 Ammonitae
917 1420 950 1478 et
966 1411 1125 1487 Moabitae‚
1140 1412 1181 1477 de
1202 1411 1315 1498 quibus

213 1512 363 1598 scriptum
380 1518 428 1576 est
442 1511 538 1575 Deut.
550 1509 636 1575 xxiii.
649 1512 680 1576 6.
711 1513 789 1578 Non
806 1532 928 1596 queres
936 1513 1190 1597 prosperitatem
1206 1533 1316 1577 eoram

213 1610 272 1693 (ita
294 1609 410 1676 rectius
431 1608 577 1674 hocloco
600 1609 731 1675 verteris
753 1600 852 1682 nnbat
869 1632 962 1696 quam
986 1631 1094 1697 pacem
1115 1613 1235 1694 eorum)
1258 1632 1315 1676 aco

214 1712 328 1775 bonam
340 1733 449 1776 eorum
460 1710 540 1775 allis
556 1709 669 1774 diebus
686 1711 751 1774 tate
765 1730 919 1794 unquam.
957 1708 1078 1787 Quibus
1089 1708 1193 1774 verbis
1206 1707 1315 1774 federa

212 1809 351 1874 benefica
367 1830 438 1873 cum
461 1807 521 1872 illis
537 1806 657 1893 populis
674 1815 831 1883 vetentur,
855 1828 917 1872 nou
936 1807 1029 1872 etiam
1048 1807 1101 1892 jus
1118 1806 1190 1873 belli
1207 1828 1315 1872 conce-

213 1907 317 1974 ditur:
342 1914 398 1972 aut
419 1914 513 1981 certe,
537 1924 609 1990 qnae
632 1905 839 1971 Hebraeorum
863 1905 1056 1991 quorundam
1079 1906 1234 1972 sententia
1254 1916 1313 1981 est,

180 2000 185 2009 ⁸
213 2014 337 2072 vetatur
354 2026 418 2093 pax
439 2002 557 2070 abillis
579 2003 653 2090 peti,
671 2024 734 2069 non
754 2003 849 2070 etiam
868 2004 974 2071 oblata
995 2004 1102 2092 accipi.
1150 2005 1245 2071 Certe
1261 2006 1314 2092 jus

213 2104 286 2171 belli
302 2106 334 2170 in
350 2102 543 2170 Ammonitas
560 2101 703 2168 Hebrseis
716 2110 851 2192 negatur
869 2104 963 2169 Dent.
973 2103 1003 2169 it
1016 2107 1058 2169 19
1071 2127 1080 2170 r
1096 2125 1198 2191 nequo
1215 2104 1314 2192 Jeph-

212 2203 283 2271 thos
307 2226 395 2270 arma
419 2203 451 2269 in
473 2224 527 2268 eos
549 2201 655 2279 movit,
678 2201 737 2267 uisi
758 2211 830 2288 post
852 2210 988 2269 tentatas
1007 2225 1107 2290 aeqnae
1129 2203 1213 2291 pacis
1235 2203 1312 2282 vias,

117 2331 154 2361 οι.
213 2324 315 2390 neque
340 2303 445 2370 David
467 2301 526 2368 nisi
550 2300 708 2368 atrocibus
736 2300 856 2389 injuriis
880 2302 1047 2369 lacessitus
1094 2303 1145 2369 De
1167 2302 1314 2370 societate

212 2402 324 2469 bellica
340 2402 469 2488 quaestio
484 2409 635 2490 superest.

288 2505 308 2569 6
339 2504 424 2568 Ante
439 2501 551 2590 legem,
569 2501 790 2590 huncquoque
807 2524 869 2569 non
887 2501 1025 2570 illicitam
1041 2501 1138 2568 luisse
1154 2525 1224 2568 oum
1242 2525 1314 2591 pro-

107 2624 150 2655 u·
211 2601 292 2667 fanis
306 2601 460 2690 gentibus,
478 2600 619 2686 exemplo
635 2610 768 2686 apparet
781 2601 992 2677 matranensi,
1010 2601 1120 2688 impios
1138 2601 1313 2667 Sodomitas

210 2700 292 2765 bello
308 2698 492 2785 adjuvantis.
533 2699 601 2763 Nec
616 2698 688 2786 lege
705 2699 802 2764 Mosis
818 2699 982 2786 quicquam
999 2700 1189 2788 generaliter
1204 2700 1263 2765 hac
1279 2699 1312 2765 in

210 2820 246 2864 re
262 2807 415 2864 mutatum
432 2796 557 2886 legitur.
608 2797 714 2883 Atque
730 2797 776 2863 ita
792 2796 934 2865 videmus
950 2798 1081 2864 sensisse
1098 2802 1311 2877 ”Asmonaeos

209 2897 289 2988 legis
303 2906 336 2964 ot
352 2897 468 2985 peritos
484 2905 518 2963 et
533 2906 715 2963 reverentes
731 2896 909 2975 admodum,
927 2905 963 2964 ut
980 2920 1020 2963 ex
1037 2897 1185 2987 religiosa
1201 2899 1313 2965 sabba·

254 3066 272 3092 ΙΙ
288 3055 435 3117 Abrabam]
450 3056 519 3104 Idem
536 3069 590 3102 cnm
607 3053 695 3102 Esoole
710 3057 735 3101 et
785 3055 921 3116 exemplum
935 3056 1012 3102 secuti
1027 3055 1189 3116 Imperatores
1204 3061 1230 3102 et
1242 3069 1313 3116 reges

209 3134 293 3179 Anero
303 3133 382 3179 foedus
394 3133 460 3178 fsclt.
483 3132 557 3190 (Gen.
567 3130 615 3178 xiv.
627 3129 677 3188 13.)
696 3129 736 3176 Sic
787 3130 917 3178 Christiani
932 3132 1015 3178 federe
1027 3136 1071 3178 snt
1084 3145 1138 3178 cnm
1150 3145 1197 3177 non
1210 3131 1313 3179 Christi·

210 3214 235 3254 et
245 3207 324 3254 David
338 3221 391 3254 cnm
402 3206 466 3252 Achi
478 3210 504 3252 et
518 3205 606 3261 Nasso,
622 3205 736 3250 Solomon
785 3207 844 3263 snb,
858 3211 902 3252 sut
913 3221 967 3252 cum
982 3220 1030 3252 non
1048 3220 1104 3252 sane
1118 3206 1260 3253 Christianis
1276 3210 1313 3256 fe-

210 3295 264 3326 cum
288 3282 421 3341 AEgyptiis,
444 3282 495 3326 Asa
519 3293 572 3326 cum
597 3278 736 3324 Benedndo.
786 3295 847 3337 cere,
863 3280 1200 3328 Constantinnacanothts
1210 3287 1235 3328 et
1245 3282 1312 3329 Van-

211 3353 286 3414 [Vide
304 3368 321 3400 1.
335 3357 399 3401 Sem.
416 3355 489 3401 xxvii.
513 3366 543 3400 11.
555 3355 619 3400 Sam
635 3367 657 3398 x.
673 3354 696 3398 2.
717 3365 736 3397 1.
786 3351 854 3407 delto,
875 3351 1028 3397 Justtntanus
1051 3365 1106 3397 cnm
1129 3352 1312 3410 Longobmdist

213 3429 276 3489 Reg.
285 3429 318 3473 iit.
330 3432 351 3475 1.
364 3435 389 3475 ct
398 3444 435 3474 xv.
448 3426 498 3487 19.]
786 3438 840 3469 cnm
848 3424 978 3480 Smscenis,
987 3424 1080 3479 Alanis,
1089 3424 1312 3484 Gepidis,1·'rancis,

256 3511 267 3535 ¹¹
284 3503 418 3549 Asnsonaeee
429 3502 488 3562 lepis
505 3506 527 3546 et
539 3500 631 3560 peritos
641 3505 736 3546 etresc-
786 3498 877 3553 Suavis,
887 3497 1009 3553 Vandalis,
1018 3497 1312 3559 Theodosiua,Honorius,

211 3583 286 3625 reales
305 3575 443 3635 admodum]
466 3576 530 3621 Laus
547 3588 630 3620 eorum
655 3578 692 3619 est
710 3573 736 3618 in
786 3572 845 3629 Leo,
854 3572 987 3629 Heraclius,
998 3572 1108 3628 Basilius,
1117 3573 1311 3636 hauctusAnge.

212 3652 352 3711 Thargumo
367 3650 505 3706 chaldaico,
521 3649 547 3693 in
560 3647 628 3693 libris
639 3648 736 3693 blecca·
786 3647 831 3704 lus,
838 3647 999 3707 Polaeologns:
1011 3661 1064 3692 enm
1074 3647 1165 3693 Mauris
1174 3662 1243 3708 reges
1254 3650 1312 3697 llis-

211 3729 292 3787 baicis‚
303 3730 327 3775 tn
338 3725 614 3789 epistolasdflebmos.
640 3723 736 3770 Horum
786 3722 864 3783 panias
880 3722 997 3770 Alfonsus
1016 3722 1173 3782 Hispalensis,
1191 3725 1312 3784 Ramlrus,

269 3982 285 4029 ὅ
314 3973 430 4029 Bestdes
445 3973 494 4029 the
506 3974 655 4046 exception
670 3972 704 4027 of
714 3972 764 4027 the
777 3972 899 4042 Peoplee
917 3969 951 4025 ot
967 3971 1091 4033 causan,
1106 3970 1156 4026 tho
1174 3971 1310 4029 Ammon-

209 4061 264 4116 ites
277 4060 333 4115 aud
351 4059 491 4115 Moabitee
503 4060 562 4114 also
577 4077 626 4114 are
647 4058 791 4129 excepted.
834 4057 988 4113 Beneficial
1009 4056 1122 4128 loagues
1144 4057 1211 4112 with
1234 4059 1312 4115 them

209 4163 259 4202 are
270 4146 430 4211 forbidden,
440 4146 494 4201 but
507 4163 564 4201 war
577 4147 601 4200 is
615 4150 667 4199 not
681 4142 852 4198 authorized.
900 4143 954 4198 See
969 4142 1018 4197 the
1030 4159 1168 4214 passages.

268 4237 285 4288 6
315 4233 370 4286 See
392 4232 452 4287 also
477 4231 527 4286 the
548 4230 676 4301 example
697 4229 730 4284 ot
747 4227 892 4283 Abraham
910 4229 967 4283 and
990 4229 1033 4282 his
1056 4228 1156 4300 league
1177 4228 1244 4284 with
1262 4228 1312 4285 the

209 4319 278 4389 king
292 4319 325 4372 ot
335 4316 449 4374 Sodom.
493 4317 558 4372 And
570 4317 619 4372 the
630 4314 796 4371 Maccabess
810 4315 894 4371 made
909 4315 1023 4388 leaguea
1041 4315 1109 4370 with
1128 4316 1236 4371 Greeks
1254 4315 1312 4369 aud

209 4404 342 4460 Romans.
1297 4414 1304 4432 ·’
