2834 4920
173 258 242 313 Osn.
257 252 337 324 XV.]
379 256 432 311 DE
453 257 673 313 FEDERIBUS
695 257 744 313 Ac
767 256 1058 315 SPONSIONIBUS.
1215 252 1276 314 133

173 424 259 501 iiam,
276 445 377 509 noque
392 423 570 510 hospitium,
588 445 688 509 neque
708 424 798 489 lodus
821 422 965 488 amicitioe
981 445 1073 488 ceusu
1089 423 1205 490 factum
1222 425 1277 490 hu-

173 524 295 598 beetur,
311 523 344 587 hi
369 523 474 588 hostes
499 521 622 608 quidem
648 545 710 587 uon
735 523 818 589 sint:
844 523 927 609 quod
948 532 1053 588 eutem
1076 545 1116 588 ex
1134 525 1276 589 Romano

173 623 215 687 ed
231 644 284 687 eos
300 630 497 709 pervenerat,
512 621 634 686 illorum
653 622 717 698 fiet,
736 632 769 687 et
789 623 869 687 liber
886 622 978 686 homo
997 622 1157 688 Romanus
1173 624 1215 689 eb
1232 623 1277 689 eis

173 729 282 807 captus
298 742 409 786 servus
425 720 500 786 fiet:
525 719 669 805 idemque
689 721 739 796 eit,
757 719 784 785 si
801 720 869 807 quis
886 720 1014 786 indeed
1031 722 1189 786 Romanos
1205 743 1276 807 per-

173 819 298 886 veniet:
324 828 357 885 et
375 820 435 884 hoc
458 839 581 906 quoque
604 841 676 884 cusu
699 818 918 905 postliminium
935 820 1036 885 detur.
1088 819 1141 884 Sic
1159 822 1276 908 Cercy-

172 939 279 984 renscs
301 918 374 983 elim
396 927 469 984 ente
495 918 567 984 belli
592 917 845 1004 Peloponnesiaci
867 926 1009 1005 temporo
1025 919 1129 985 hostes
1145 920 1276 985 Atheni-

173 1018 291 1084 ensium
324 1039 388 1083 non
421 1026 521 1094 erunt,
554 1016 609 1082 sed
642 1039 700 1082 nec
733 1040 841 1104 pacem
870 1039 940 1083 cum
966 1016 1027 1082 illis
1053 1040 1111 1083 neo
1137 1018 1276 1085 inducias

173 1117 340 1193 hebebant,
373 1125 409 1183 ut
442 1138 482 1182 ex
516 1116 656 1182 oratioue
684 1117 915 1184 Corinthiorum
944 1116 1028 1203 apud
1058 1118 1274 1211 Thucydidem
1286 1128 1396 1171 mem

172 1224 311 1302 epperet
364 1218 415 1281 De
448 1216 572 1280 Boccho
602 1215 786 1282 Sallustius:
818 1218 910 1282 uobis
938 1239 1038 1303 oeque
1067 1218 1147 1283 bello
1175 1230 1316 1322 suequen
1288 1238 1415 1287 mm

168 1337 254 1402 pace
270 1319 425 1401 ceperitne.
478 1313 587 1379 Ηίιιο
577 1336 611 1379 ιιι
628 1315 778 1381 barbaros
794 1315 932 1401 praedum
951 1338 1097 1382 exercere
1113 1285 1316 1382 Ιιιιάιιιιιιιιη

174 1414 344 1494 Aristoteli,
370 1424 402 1482 et
424 1415 493 1502 ipse
517 1436 579 1480 vox
600 1414 699 1480 hostis
716 1414 815 1480 veteri
832 1415 924 1481 Letio
940 1414 1063 1481 nihil
1034 1414 1093 1479 msi
1110 1424 1274 1482 externum
1288 1431 1416 1473 meato

173 1513 373 1602 significabat.

249 1616 270 1678 3
306 1614 371 1680 Sub
387 1614 446 1679 hoc
463 1635 579 1702 genere
591 1613 819 1701 comprehende
836 1624 868 1680 et
884 1613 993 1680 federe
1009 1613 1120 1701 quibus
1135 1624 1273 1693 cavetur,

172 1720 209 1778 ut
230 1711 376 1799 utrinque
395 1713 448 1800 jus
473 1712 610 1801 hospitii,
637 1724 672 1779 ut
690 1713 743 1801 jus
765 1715 938 1780 commercii
960 1715 1009 1790 sit,
1036 1724 1189 1801 quatenus
1213 1715 1275 1781 iste

172 1811 256 1877 sub
243 1834 316 1898 yure
333 1812 470 1878 naturali
487 1812 624 1889 veniunt,
642 1834 705 1899 quu
721 1814 761 1878 de
777 1836 813 1879 re
830 1813 950 1902 egimus
965 1814 1048 1880 alibi.
1091 1814 1200 1881 Utitur
1215 1815 1274 1881 hoo

174 1910 348 1977 discrimine
374 1912 504 1988 Acco,
495 1933 527 1976 ιιι
553 1910 693 1977 oratione
722 1912 764 1978 ud
793 1913 924 1979 Achoeos
949 1913 1034 2000 apud
1060 1912 1379 2018 Livium,ubi1·¹v·¹12

173 2031 236 2076 non
253 2010 293 2076 de
309 2010 459 2078 sometute
475 2011 521 2077 uit
542 2010 650 2096 quaeri,
667 2011 723 2078 ned
743 2011 784 2077 de
806 2013 986 2078 commercio
1008 2011 1169 2100 praebendi
1185 2034 1274 2099 repe-

173 2186 247 2246 (Pog.
259 2187 326 2243 408)
364 2186 446 2234 Simile
468 2189 505 2231 est
528 2184 594 2244 quod
619 2184 699 2231 Judoei
747 2185 903 2233 Latrocinuri
918 2187 985 2246 opud
999 2188 1110 2248 οιιιίᾳιιοι
1124 2202 1170 2233 nce
1184 2192 1274 2234 ιοιιιιιιι

172 2262 285 2309 &meum
298 2264 381 2309 dotum
396 2262 472 2322 etqui
488 2274 532 2307 neo
544 2259 648 2307 Jndesus
663 2260 698 2317 ut,
747 2261 849 2320 infinie
859 2262 963 2319 carebat,
977 2262 1020 2307 red
1034 2263 1130 2322 insuper
1144 2263 1273 2323 pluriorem

172 2348 216 2383 neo
233 2337 326 2384 Judtois
341 2336 470 2391 sedentur,
490 2334 639 2381 seruiendum
657 2348 699 2381 ne-
747 2335 883 2381 ducebatur.
916 2336 969 2397 (Ad
980 2350 1039 2382 rere
1053 2335 1102 2396 71.)

170 2416 239 2471 gunt.
270 2411 343 2472 [Vide
359 2411 427 2457 Bene
443 2410 529 2467 Kame,
549 2408 631 2468 cupi·
650 2408 698 2469 52.
791 2418 804 2452 ι
820 2409 894 2468 Cipus
906 2415 929 2456 et
942 2410 1089 2469 Thucydides
1105 2409 1216 2470 meminit]
1232 2408 1273 2456 Li-

171 2498 228 2545 peg.
242 2489 279 2533 13.
310 2486 359 2533 Ed.
378 2484 526 2532 Οοιιιιαιιιίιιι
541 2484 698 2544 ιἘιιιροιιιιν.
746 2484 1273 2546 brer.additquecoixixovricwctcxi-

170 2558 199 2606 J.
209 2558 254 2620 B.]
747 2577 790 2614 νην
804 2561 896 2607 τούτου
908 2561 954 2606 τοῦ
966 2559 1049 2620 ἔργον,
1064 2560 1186 2620 φέροντος
1204 2560 1230 2607 δέ
1246 2577 1274 2624 τι

216 2633 311 2695 ‘Apud
325 2634 463 2697 Ηοιιιοηιιιι]
488 2635 595 2694 Odyssea
612 2651 640 2694 γ.
656 2634 698 2680 ubi
747 2631 788 2677 xci
808 2632 880 2691 δόξης
899 2631 1009 2690 μᾶλλον·
1029 2632 1130 2678 medum
1149 2632 1275 2693 insumam

172 2710 330 2757 Sebohutes:
351 2712 394 2757 οὐκ
405 2710 496 2771 ἄδοξον
511 2708 541 2766 ἦν
557 2708 628 2766 παρά
642 2714 698 2755 τοῖο
747 2705 947 2752 habebaiidvlioe
955 2720 1034 2765 pertus,
1049 2707 1106 2768 quire
1113 2708 1196 2768 potius
1205 2707 1274 2755 laudi

171 2785 291 2833 παλαιοῖς
305 2786 338 2832 τὸ
355 2785 497 2844 λῃστεύειν,
513 2783 573 2831 ἀλλ’
590 2783 697 2843 εὔδοξον.
746 2780 900 2829 tribuebatur.
930 2778 1004 2841 (Cup.
1014 2782 1051 2840 ὅ.)

169 3030 263 3085 Justiu
281 3047 353 3102 says,
372 3047 411 3103 up
429 3037 460 3085 ιο
474 3029 523 3086 the
539 3031 607 3086 time
624 3031 658 3086 oi
675 3031 808 3103 Torquim
829 3032 884 3087 See
902 3032 1010 3087 Rovcrs
1032 3048 1105 3087 were
1120 3032 1227 3103 objects
1242 3035 1276 3088 of

170 3116 355 3172 edmirution:
378 3116 434 3171 und
445 3118 536 3187 uguin,
548 3117 578 3171 in
589 3116 638 3172 the
655 3117 703 3172 old
717 3119 829 3172 Romen
846 3119 908 3182 lew,
926 3119 951 3171 if
965 3117 1045 3172 there
1057 3117 1094 3172 bo
1106 3135 1161 3188 uny
1173 3121 1271 3174 nution

171 3200 240 3254 with
259 3201 350 3257 which
367 3202 416 3256 the
436 3204 560 3258 Romans
578 3203 650 3259 heve
667 3203 778 3259 neither
795 3203 959 3274 friendehip,
975 3220 1027 3256 ner
1044 3203 1167 3274 friendly
1184 3205 1270 3258 iuter·

173 3302 280 3350 course,
302 3303 355 3342 nor
375 3288 502 3355 elliuuce,
525 3288 594 3361 they
612 3306 661 3344 ere
687 3296 738 3345 not
757 3293 880 3345 ememtes
903 3288 1022 3352 indeed;
1046 3289 1098 3344 but
1117 3289 1180 3345 thot
1196 3289 1272 3345 rhet

172 3371 322 3444 belonging
339 3378 370 3427 to
384 3373 434 3428 the
454 3375 578 3430 Romans
595 3392 663 3446 goes
677 3376 737 3430 into
751 3375 827 3430 their
846 3393 940 3448 power
955 3376 978 3429 is
992 3376 1089 3441 theiis,
1109 3377 1164 3430 sud
1180 3394 1198 3431 e
1211 3375 1272 3432 free

171 3458 281 3512 Romen
293 3458 379 3514 tuhon
396 3459 434 3531 by
448 3460 527 3515 them
539 3460 668 3516 becomes
680 3477 698 3515 o
709 3462 838 3532 cuptiv03
860 3462 916 3516 und
936 3461 1073 3517 thesemo
1087 3462 1112 3514 if
1121 3479 1177 3533 eny
1191 3479 1272 3518 come

170 3544 246 3598 irem
257 3544 335 3599 them
347 3551 378 3600 to
389 3544 439 3600 the
450 3547 583 3602 Romaiu.
620 3547 697 3601 Thus
709 3547 758 3601 the
771 3547 951 3618 Corcyreens,
963 3547 1061 3601 before
1072 3547 1121 3601 the
1132 3548 1272 3618 Pelopon-

170 3630 268 3684 nesien
282 3646 347 3696 wer,
359 3647 432 3686 were
443 3639 494 3686 not
505 3634 629 3687 onomiee
644 3632 678 3686 of
692 3632 741 3687 the
755 3632 919 3697 Athenione,
929 3632 982 3687 but
998 3632 1054 3686 hed
1066 3632 1177 3687 neither
1185 3649 1272 3704 peuce

171 3730 224 3769 nor
233 3722 313 3771 truce
325 3716 393 3772 with
407 3717 494 3782 them,
512 3734 542 3772 ue
561 3734 679 3790 eppeore
693 3719 731 3789 by
749 3718 798 3773 the
813 3719 923 3773 orution
938 3719 972 3773 oi
984 3717 1033 3774 tho
1051 3719 1230 3773 Corinthium
1242 3720 1271 3772 in

170 3801 357 3872 Thucydideo.
404 3803 509 3858 Sallust
520 3820 583 3876 says
595 3805 628 3858 of
639 3803 773 3866 Bocchus,
786 3813 833 3858 ιιοι
843 3804 940 3858 hoton
952 3813 977 3858 to
989 3821 1021 3858 ιιι
1035 3805 1156 3858 cichorio
1168 3823 1228 3857 war
1239 3822 1273 3858 οι·

170 3887 200 3939 in
210 3905 298 3957 peace.
336 3888 434 3945 Hence
448 3889 582 3945 dristetle
593 3891 698 3961 preiees
711 3890 790 3945 those
806 3889 868 3945 who
884 3889 1005 3962 plunder
1018 3889 1195 3945 berberiens:
1214 3890 1272 3944 end

171 3970 220 4027 the
234 3972 282 4028 old
294 3975 379 4029 hetin
390 3975 465 4030 word
480 3977 560 4031 hostie
570 3983 666 4031 meent
678 3975 744 4047 only
758 3982 894 4046 strengor.

224 4063 240 4113 3
262 4059 298 4113 In
311 4060 368 4115 this
379 4061 450 4117 cluss
464 4078 513 4117 ure
524 4060 751 4133 comprehended
768 4062 883 4116 treuties
900 4062 929 4114 in
948 4060 1039 4115 which
1053 4061 1076 4114 it
1095 4062 1119 4116 is
1137 4061 1272 4133 provided

171 4141 234 4198 thet
245 4144 326 4200 there
337 4145 410 4201 shall
423 4147 459 4201 be
471 4164 508 4201 on
523 4148 593 4202 both
604 4147 678 4202 sides
692 4146 741 4202 tho
756 4146 832 4217 right
847 4147 881 4202 oi
894 4146 1058 4217 hospimlity
1069 4148 1125 4200 ond
1140 4147 1173 4202 of
1184 4148 1272 4201 inter·

170 4245 277 4295 course,
292 4247 324 4285 ιο
343 4231 389 4287 ier
405 4249 437 4287 es
457 4233 525 4304 they
539 4250 619 4288 come
639 4233 730 4288 under
748 4232 869 4287 Natural
886 4234 961 4296 Low,
981 4232 1014 4286 of
1032 4231 1122 4286 which
1142 4249 1183 4286 we
1200 4232 1272 4287 horo

170 4316 280 4371 creent
292 4316 451 4372 elsewhere.
496 4318 563 4373 This
575 4318 737 4374 distinction
752 4320 775 4372 is
792 4318 917 4373 referred
937 4325 967 4372 to
981 4317 1020 4388 by
1037 4317 1125 4371 Arous
1144 4317 1173 4369 in
1192 4317 1272 4388 Livy,

170 4399 264 4457 where
280 4400 319 4456 he
332 4418 403 4474 noys,
417 4402 479 4461 eust
493 4403 543 4460 tho
556 4405 686 4477 question
701 4405 726 4460 is
739 4410 791 4460 not
805 4404 975 4474 concerning
989 4402 1108 4458 allience
1119 4401 1171 4458 but
1184 4401 1271 4457 intor-
