2834 4920
46 779 79 820 ss.

214 245 279 309 146
425 254 478 309 DE
499 253 718 311 renuamus
741 251 789 309 AO
811 253 1104 312 SPONSIONIBUS.
1188 254 1263 324 [Lrs.
1274 257 1312 312 11.

214 445 289 508 pote,
316 413 407 510 erupti
425 412 470 484 rei
491 409 647 508 δόγματα
665 413 711 485 τὰ
737 419 803 484 τῶν
817 412 998 498 Ἑλλήνων·
1021 423 1172 504 praviter
1188 443 1240 487 eet
1261 423 1314 487 de·

214 520 357 604 linquere
373 519 430 604 qui
450 518 624 584 adeercam
644 518 776 584 Graece
799 518 966 583 Barbare
982 520 1171 596 militarent,
1199 533 1331 587 contra·

218 618 409 684 Groecerum
420 617 514 701 jura

49 732 198 781 tomacla
290 717 366 781 XII.
407 714 780 792 Illndhicaddam,cuu1
797 714 1084 783 omneachristiani
1099 716 1312 804 uniuscorpo-

214 815 259 883 ris
280 815 420 881 membra
441 814 513 891 sint,
535 835 606 900 quae
625 814 776 901 jubentur
795 815 1011 881 elia-aliorum
1032 815 1154 882 dolores
1170 838 1207 882 ac
1231 817 1313 882 mala

213 914 446 1004 persentiscere,
468 912 546 978 sient
562 913 596 978 id
615 913 657 980 ad
678 913 815 1001 singulos
836 914 981 1001 pertinet,
999 914 1044 981 ita
1065 923 1099 980 et
1121 915 1162 981 ad
1184 915 1314 1002 populos

213 1035 277 1101 qua
293 1011 397 1100 populi
412 1020 494 1089 sunt,
512 1019 545 1077 et
557 1012 598 1078 ad
614 1033 706 1100 reges
719 1034 781 1098 qna
797 1035 888 1101 reges
904 1014 1071 1101 pertinere.
1104 1015 1216 1101 Neque
1231 1013 1313 1079 enim

214 1133 273 1200 pro
290 1133 324 1177 se
340 1109 470 1198 quisque
482 1117 615 1187 tautum,
642 1110 699 1176 sed
715 1120 748 1178 et
764 1134 822 1199 pro
838 1112 985 1179 mandata
1004 1112 1062 1178 sibi
1078 1122 1233 1200 potestate
1249 1135 1315 1179 ser·

214 1210 283 1277 rire
301 1210 425 1278 Christo
447 1208 549 1277 debet
594 1210 667 1275 Hoc
682 1219 787 1277 animm
807 1219 957 1297 praestare
973 1233 1064 1300 reges
1081 1219 1113 1277 et
1129 1212 1235 1299 populi
1251 1233 1314 1277 non

215 1318 353 1398 possunt,
380 1317 542 1398 grassante
563 1309 658 1375 armis
682 1310 772 1376 hoste
796 1309 900 1398 impio,
927 1306 1000 1376 tnisi
1025 1310 1079 1376 alii
1103 1310 1171 1376 aliis
1197 1310 1313 1377 auxilio

215 1410 296 1477 siut:
314 1410 398 1497 quod
410 1408 568 1475 commode
584 1409 653 1475 fieri
669 1410 788 1496 nequit,
806 1409 865 1475 nisi
879 1409 969 1477 fedus
985 1432 1022 1477 eo
1037 1409 1159 1475 nomine
1171 1410 1313 1476 ineatur:

215 1509 300 1598 quod
315 1509 406 1575 iedus
417 1507 483 1595 jam
501 1508 573 1574 olim
595 1508 704 1576 initum
721 1508 792 1590 init,
810 1518 843 1576 et
857 1509 1002 1597 princeps
1018 1508 1084 1595 ejus
1101 1519 1224 1575 creatus
1243 1530 1314 1574 con·

216 1630 308 1674 sensu
321 1607 473 1674 mmmuni
491 1610 651 1674 Romame
674 1610 859 1696 Imperator.
911 1610 1037 1676 Debent
1051 1631 1128 1696 ergo
1146 1607 1314 1673 Christiani

216 1728 322 1773 omues
338 1707 380 1772 ad
396 1728 520 1772 canum
536 1708 616 1772 haue
633 1729 824 1773 communem
840 1729 899 1793 pro
916 1707 1028 1774 virium
1045 1707 1136 1772 modo
1154 1706 1236 1771 viros
1259 1713 1315 1771 aut

215 1805 361 1894 pecunias
378 1804 539 1870 conferre:
561 1805 644 1890 quod
660 1804 822 1890 quominus
838 1805 956 1872 iaciant
974 1827 1037 1871 non
1053 1803 1143 1871 rideo
1160 1805 1314 1890 quomodo

216 1903 336 1991 possint
351 1902 501 1980 excusari,
518 1902 578 1968 nisi
599 1902 695 1988 siqui
710 1901 791 1969 bello
816 1901 997 1981 inevitabili,
1020 1912 1154 1969 autnon
1176 1901 1315 1968 dissimili

217 2003 299 2069 malo
316 2001 400 2070 domi
414 2001 608 2068 distineatur.

291 2102 385 2167 XIH.
427 2103 446 2165 1
478 2100 566 2167 Solet
578 2122 662 2188 saepe
674 2108 707 2167 et
722 2099 776 2167 illa
789 2099 925 2168 incidere
938 2100 1076 2188 quaetio,
1091 2098 1117 2167 si
1130 2100 1235 2188 plures
1251 2099 1315 2167 bel-

216 2201 281 2267 lum
297 2207 420 2289 gerant,
437 2199 501 2265 utri
516 2199 619 2286 potius
631 2221 721 2287 opem
737 2199 821 2267 ierre
836 2200 950 2268 debeat
965 2196 1154 2287 qui'ntrique
1167 2207 1215 2265 est
1230 2199 1316 2265 iode-

217 2308 313 2367 rstus.
355 2298 419 2364 Hic
435 2298 568 2385 primum
589 2297 746 2365 sciendum
763 2299 925 2387 estquod
950 2307 983 2365 et
996 2320 1091 2387 supra
1112 2297 1254 2377 diximus,
1275 2298 1316 2364 ad

264 2472 349 2519 tNisi
368 2473 415 2520 eiii
434 2473 492 2520 alita
510 2473 603 2520 anxilio
623 2471 680 2532 rim]
702 2472 743 2519 Ad
791 2469 1070 2533 cemenproeserendnr]
1082 2471 1317 2518 VidaIniralibrou.

219 2548 281 2594 hano
290 2561 341 2594 rem
351 2548 405 2594 vida
415 2548 546 2594 Marianam
556 2547 618 2592 libro
626 2561 680 2593 xxx.
690 2560 743 2606 cap.
792 2561 873 2594 cxxv.
885 2547 929 2607 54.
950 2548 1102 2594 Infldelitate
1108 2547 1207 2594 Feudali
1217 2547 1317 2593 dicitur:

220 2625 258 2669 23.
292 2623 406 2668 I’arutam
422 2622 485 2668 libro
500 2634 535 2668 xv.
566 2622 679 2668 Biaarum
696 2635 743 2667 ru.
793 2622 1025 2671 Eteiacioeroceile
1035 2622 1319 2683 ueiiqnmjurtecffcm

221 2702 246 2744 et
256 2711 306 2743 111.
794 2696 856 2753 dere,
871 2701 893 2742 et
909 2696 963 2742 inde
978 2697 1119 2756 generaliter
1134 2697 1171 2742 oei
1184 2697 1319 2756 specialiter

265 2779 277 2804 ¹¹
294 2771 342 2831 Qui
344 2771 510 2832 fideretorum
513 2770 606 2829 jactem
615 2770 684 2817 hebet
690 2769 746 2817 tout
787 2771 864 2831 farere
873 2771 1007 2831 requiritur,
1016 2785 1090 2818 meum
1099 2771 1150 2829 citt,
1160 2772 1221 2819 siout
1225 2777 1319 2831 potero,

221 3021 318 3087 ander,
330 3021 392 3076 that
410 3022 491 3075 Ttoae
501 3020 651 3093 yrtooualy
662 3019 750 3091 offered
761 3019 819 3073 wie
831 3028 903 3074 enter
917 3019 957 3073 tta
970 3017 1284 3089 amiocffBerterieaa
1293 3027 1319 3072 to

214 3109 285 3180 figit
297 3109 404 3178 against
420 3108 519 3162 Greeks
533 3109 591 3160 aad
604 3107 721 3161 Gracien
733 3106 828 3176 rights.

276 3193 343 3246 XII.
380 3192 444 3247 Add
460 3192 522 3247 that
536 3192 575 3245 all
589 3191 744 3245 Christiana
758 3207 806 3244 are
816 3189 954 3246 mombers
965 3190 998 3245 oi
1009 3206 1064 3245 one
1074 3188 1167 3262 body;
1182 3206 1230 3244 are
1242 3205 1319 3244 com-

222 3277 344 3330 mended
365 3282 395 3331 to
416 3277 485 3332 bear
507 3276 576 3332 ench
600 3276 703 3330 othcr's
726 3275 873 3346 sufferIngs
896 3276 952 3330 aud
972 3291 1104 3330 sorrowa:
1134 3275 1190 3329 and
1210 3292 1241 3330 ns
1261 3274 1318 3328 this

222 3361 330 3431 applica
345 3367 375 3415 to
390 3361 566 3424 individuale,
581 3376 613 3415 ao
630 3361 698 3414 does
712 3360 735 3413 it
749 3365 780 3413 to
791 3360 914 3430 peoples,
928 3377 959 3414 aa
971 3360 1095 3430 peoplea,
1113 3359 1170 3412 aud
1185 3366 1215 3414 to
1227 3360 1318 3429 kings,

223 3462 253 3499 aa
265 3446 353 3515 kings.
386 3445 464 3499 Each
476 3450 552 3498 mnat
565 3460 644 3498 serre
661 3443 754 3498 Christ
766 3445 915 3513 according
934 3450 964 3497 to
982 3445 1032 3498 the
1042 3460 1137 3514 power
1150 3444 1233 3512 giren
1247 3443 1316 3497 him.

223 3531 281 3585 But
296 3530 351 3584 this
371 3530 439 3601 thoy
457 3535 560 3583 cannot
575 3528 620 3592 do,
641 3528 720 3583 when
740 3527 789 3583 the
809 3528 905 3582 intidel
923 3529 946 3581 ia
966 3527 1110 3599 poweriui,
1130 3533 1229 3598 except
1251 3525 1320 3598 they

223 3615 290 3686 help
314 3614 381 3670 esch
402 3613 500 3669 other:
528 3614 585 3668 and
604 3613 660 3668 thia
680 3619 784 3668 cannot
805 3613 868 3666 wall
888 3613 925 3667 be
944 3613 1018 3668 done
1040 3618 1141 3684 except
1165 3628 1184 3666 a
1205 3611 1320 3682 general

224 3700 324 3771 lengue
339 3701 375 3755 be
394 3700 479 3755 made
493 3699 560 3754 with
576 3700 638 3754 that
650 3700 728 3754 view.
768 3698 845 3753 Such
859 3715 877 3752 a
894 3698 993 3769 league
1004 3700 1055 3752 has
1069 3698 1142 3752 been
1157 3697 1248 3761 made,
1263 3697 1320 3752 and

225 3785 274 3841 the
298 3785 372 3840 head
400 3785 434 3839 oi
461 3786 484 3841 it
510 3785 623 3839 created
650 3785 687 3855 by
712 3800 841 3838 common
870 3790 987 3839 consent
1014 3785 1126 3838 Roman
1150 3784 1318 3853 Emperor*.

224 3870 378 3926 'therefore
392 3871 432 3925 ail
447 3870 601 3925 Christiane
615 3870 704 3941 ought
718 3876 749 3924 to
763 3869 810 3923 aid
827 3869 857 3922 in
871 3868 927 3924 this
941 3885 1024 3923 cauae
1038 3869 1189 3938 according
1201 3874 1231 3922 to
1247 3867 1322 3922 tthr

224 3971 318 4027 power
335 3957 401 4011 with
415 3973 481 4012 meu
499 3973 532 4010 or
551 3972 669 4027 money:
692 3970 746 4009 nor
760 3955 796 4009 do
812 3955 826 4008 I
845 3970 894 4009 see
913 3953 976 4008 how
990 3954 1059 4026 they
1074 3970 1127 4008 can
1141 3954 1177 4008 be
1192 3955 1322 4019 excused,

224 4048 324 4112 except
346 4042 413 4115 thoy
436 4042 473 4097 be
499 4041 632 4096 detained
655 4046 686 4094 at
711 4039 795 4095 home
817 4039 856 4111 by
878 4056 915 4093 an
934 4040 1086 4095 inevitable
1109 4057 1167 4093 war
1187 4056 1221 4094 or
1244 4056 1322 4095 some

224 4126 330 4181 similar
344 4128 409 4183 evil.

281 4214 364 4267 XIII.
410 4220 424 4268 l
456 4212 517 4267 Tho
533 4212 662 4283 question
680 4210 760 4266 often
780 4212 875 4276 arises,
890 4211 916 4265 ii
933 4211 1041 4266 several
1060 4212 1165 4283 parties
1186 4228 1267 4283 carry
1286 4226 1322 4265 on

223 4407 248 4453 P
268 4337 281 4363 ¹
297 4336 604 4420 Frederic111.,a.o.1461,
614 4350 666 4396 says
678 4335 826 4395 Gronoviua3
837 4336 884 4383 eud
894 4336 969 4384 reiera
977 4335 1124 4383 toBcecim'.
1145 4336 1284 4396 Disputatio
1295 4334 1324 4381 de

248 4422 361 4468 maweu.
