2834 4920
225 245 290 311 376
441 254 494 306 ΒΕ
516 251 722 306 POENARUM
745 251 1108 307 COMMUNIOATIONE.
1201 254 1272 325 [1213.
1286 261 1323 314 II.

301 414 426 481 XVIII.
465 412 553 476 Idem
569 410 731 476 dicendum
743 410 784 475 de
799 409 936 499 singulis,
949 411 1003 496 qui
1019 434 1081 478 non
1091 427 1320 493 consenserunt,

226 513 307 578 malo
337 511 503 578 efficiendis
537 508 619 574 circa
649 530 688 574 ea
720 530 791 594 quus
823 508 961 596 ipsorum
990 518 1071 587 sunt,
1102 511 1143 577 ob
1175 512 1320 580 delictum

227 610 445 677 universitatis

303 710 394 774 XIX
434 709 548 775 Hares
569 728 644 773 vero
672 729 727 772 cur
752 705 792 773 de
816 705 927 772 ceteris
948 705 1059 772 debitis
1082 715 1233 788 teneatur,
1258 702 1320 774 ¹'do

63 823 164 918 mo
158 825 198 863 a
227 828 320 896 poena
335 829 396 873 non
411 814 565 884 teneatur,
582 805 661 871 sicut
675 827 696 871 a
712 803 809 871 Paulo
821 803 1039 891 jurisconsulto
1055 805 1201 892 scriptum
1217 815 1273 884 est,
1290 811 1321 873 si

222 930 324 994 poema
340 908 445 972 alicui
461 909 641 992 irrepotur,
665 916 826 988 receptum
842 915 889 968 eet
910 906 1123 969 commentitio
1131 905 1208 988 jure
1223 927 1262 970 me
1277 910 1323 971 ad

228 1009 368 1072 haeredee
383 1016 538 1083 transeut,
564 1024 641 1070 vera
657 1023 749 1069 causa
773 1001 841 1067 hac
856 1009 913 1078 est,
935 1001 1018 1088 quod
1041 1002 1143 1068 haeres
1161 1023 1323 1090 personam

228 1103 366 1169 defuncti
382 1103 489 1179 refert,
507 1123 569 1167 non
585 1102 618 1166 in
635 1100 753 1167 meritis
775 1121 845 1187 quse
860 1109 933 1166 sunt
949 1121 1035 1166 mere
1056 1100 1240 1186 personalia,
1258 1093 1325 1167 ised

228 1201 261 1266 in
278 1189 375 1279 bonis,
394 1201 504 1287 quibus
521 1209 556 1267 ut
573 1201 766 1266 cobaererent
780 1220 819 1264 ea
834 1221 905 1285 quae
923 1198 1014 1264 alicui
1030 1198 1183 1265 debentur
1199 1221 1240 1265 ex
1257 1199 1326 1286 ipsa

228 1322 334 1366 rerum
348 1298 567 1386 inaequalitate,
582 1299 671 1364 simul
686 1320 755 1364 cum
771 1298 906 1364 domimo
922 1297 982 1365 iuit
997 1296 1215 1364 introductum.
1241 1298 1326 1363 Dion

110 1444 116 1454 ·
178 1445 185 1455 ·
230 1398 420 1465 Prusaeensis
433 1395 671 1465 Rhodiaca:
648 1427 782 1466 απαντο
798 1392 973 1520 ὀφεῖλουσι
996 1393 1042 1463 τὰ
1063 1398 1130 1464 τῶν
1152 1394 1327 1489 προγόνων

230 1495 294 1614 οὑχ
320 1491 424 1577 ἦττον
449 1495 557 1566 cordo
578 1493 701 1566 ἐκείνων
724 1488 825 1569 εἷς
788 1526 839 1569 oue
863 1526 903 1565 αν
929 1525 1017 1564 ποτε
1039 1490 1263 1575 καθήκετο
1218 1523 1325 1584 ’γενος

230 1592 267 1663 oi
292 1594 365 1687 ‘peip
389 1592 600 1689 ἀφίστασθαι
626 1593 759 1690 φήσετε
784 1597 846 1675 τῆς
871 1588 1031 1688 διαδοχῆς·
1057 1616 1128 1678 quw
1152 1596 1328 1660 debuerunt

230 1696 377 1779 majores,
403 1717 443 1760 ec
466 1717 533 1760 moa
555 1697 663 1760 minos
686 1697 796 1760 deberet
819 1697 962 1779 posteri,·
990 1715 1089 1780 oreque
1113 1695 1198 1757 enim
1221 1695 1328 1759 dicere

225 1796 362 1878 potestis
377 1796 586 1878 repudiatam
602 1815 626 1857 a
641 1794 733 1857 nobie
748 1795 965 1858 hereditatem.

303 1891 376 1957 XX.
427 1893 470 1955 Et
486 1890 558 1954 hinc
573 1889 721 1974 sequitur,
739 1897 774 1954 ut
790 1889 816 1953 si
830 1889 914 1955 ultra
926 1888 1070 1955 meritum
1085 1912 1169 1958 nova
1185 1890 1329 1977 quadam

230 2009 323 2053 causa
339 1987 533 2076 obligationis
548 1985 712 2062 exstiterit,
730 1985 838 2051 deberi
845 1986 911 2071 jam
928 1987 1025 2074 possit
1039 1988 1071 2052 id
1088 1990 1172 2074 quod
1189 1990 1221 2055 in
1237 2012 1330 2077 poena

230 2093 309 2162 erat,
328 2105 502 2170 quanquam
520 2104 582 2148 non
604 2081 782 2169 propriant
803 2105 903 2170 poena
957 2083 1008 2149 Sic
1024 2085 1098 2151 alibi
1117 2094 1188 2173 post
1204 2097 1330 2154 sentcn-

230 2183 315 2261 tiam,
333 2181 407 2248 alibi
423 2189 494 2269 post
507 2181 593 2248 litem
607 2186 837 2261 “contestatam
855 2182 966 2269 quibus
978 2183 1074 2250 rebus
1090 2185 1137 2250 vis
1153 2193 1331 2252 contractus

275 2359 343 2407 ⁵120
357 2375 430 2421 poereu
446 2375 493 2407 non
509 2360 626 2422 meatur]
652 2362 756 2409 Maimo·
808 2363 850 2424 qni
864 2378 877 2411 e
892 2364 942 2411 rite
954 2364 1106 2426 emigraverit
1120 2369 1219 2429 propius
1232 2369 1332 2414 accedat

232 2436 300 2483 uides
309 2436 382 2482 titulo
391 2434 445 2484 nbis
455 2449 476 2482 ο.
487 2436 525 2483 vii.
538 2437 643 2483 eectiom
652 2435 675 2484 6.
708 2436 757 2483 Ge·
808 2452 880 2498 quam
892 2439 976 2496 hares,
991 2445 1020 2487 ut
1034 2441 1118 2488 Cicero
1133 2443 1168 2489 ait
1183 2444 1288 2489 secundo
1303 2443 1333 2488 de

232 2510 376 2556 maraBuba
386 2510 523 2570 Camacap.
534 2525 557 2554 x.
570 2509 584 2570 ξ
596 2513 617 2557 1.
808 2512 920 2572 lepidus,
936 2513 1003 2574 (cap.
1011 2514 1061 2574 19.)

276 2584 283 2618 ¹
302 2584 350 2631 Sed
359 2585 384 2629 in
394 2583 472 2644 bonis]
488 2585 550 2631 Vide
561 2584 693 2631 Concilium
708 2585 757 2630 To·
853 2584 864 2612 ⁰
879 2586 918 2630 Ita
928 2586 988 2631 dure
999 2586 1069 2632 Civili
1079 2588 1248 2634 Romanorum.
1270 2589 1333 2634 Vide

232 2659 339 2706 letanum
355 2671 413 2704 ιιιι.
434 2659 459 2703 in
479 2671 550 2703 causa
567 2657 756 2703 Recceswinthir
808 2655 839 2701 L.
850 2655 880 2702 26
889 2660 915 2701 et
924 2657 962 2701 58.
972 2655 1008 2700 D.
1018 2655 1057 2701 De
1067 2656 1144 2714 ooltq.
1153 2662 1174 2701 et
1184 2662 1231 2701 aet.
1241 2658 1332 2714 Luae,

233 2734 351 2792 videque
364 2746 438 2791 snpra
450 2732 496 2776 hoo
511 2731 583 2785 libro,
599 2744 620 2775 c.
630 2730 677 2774 xiv.
694 2729 757 2788 §1⁰-
808 2728 862 2775 164.
891 2728 931 2773 De
940 2728 1025 2774 dicere.
1040 2727 1101 2786 Req.
1110 2728 1168 2774 Jur.
1187 2729 1216 2774 L.
1226 2731 1249 2776 3.
1267 2730 1281 2787 S
1296 2736 1332 2777 ll.

234 2808 308 2853 Nulla
322 2811 360 2853 eet
375 2818 477 2865 persona
494 2817 547 2863 quse
563 2803 593 2848 ad
613 2802 688 2849 ricem
706 2803 758 2862 ejue
808 2802 848 2848 De
858 2801 965 2850 Peculio.

286 3052 395 3106 XVIII.
434 3051 494 3106 The
508 3068 584 3107 same
600 3069 665 3124 may
679 3053 715 3108 be
729 3054 790 3108 said
804 3053 837 3108 oi
849 3053 898 3108 the
912 3053 967 3107 evil
981 3052 1106 3108 inflicted
1123 3052 1245 3123 through
1258 3054 1334 3108 their

235 3143 377 3208 property,
390 3153 423 3190 οι·
434 3137 483 3191 the
498 3137 563 3200 like,
575 3155 651 3209 upon
667 3138 834 3194 Indiuiduals
847 3138 908 3192 who
923 3136 993 3192 bave
1008 3143 1057 3192 not
1070 3138 1222 3192 consented
1238 3147 1267 3193 to
1283 3140 1333 3193 tho

236 3224 330 3285 crime,
344 3237 381 3275 on
392 3228 512 3277 account
523 3222 556 3276 oi
567 3223 616 3278 the
628 3223 713 3277 delict
725 3223 758 3277 oi
770 3222 818 3278 the
831 3222 946 3294 general
958 3221 1040 3293 body.

290 3307 373 3360 XIX.
411 3307 443 3359 1f
457 3323 498 3361 we
511 3308 561 3361 ask
575 3307 646 3379 why,
663 3309 740 3363 since
752 3308 801 3362 the
813 3308 875 3362 heir
885 3308 908 3362 is
920 3307 1016 3361 bound
1031 3312 1061 3361 to
1081 3306 1130 3360 the
1151 3306 1232 3361 other
1250 3308 1333 3362 debts

236 3390 269 3444 of
281 3389 330 3443 the
343 3391 486 3455 deceased,
494 3392 531 3446 he
546 3393 569 3445 is
580 3400 631 3446 not
643 3392 738 3447 bound
750 3399 781 3448 to
792 3392 836 3447 hie
848 3391 1037 3463 punishment,
1048 3408 1079 3446 as
1090 3391 1195 3445 Paulus
1207 3409 1269 3462 says
1282 3394 1333 3448 tho

236 3477 474 3528 commentatore*
489 3475 560 3530 have
578 3478 705 3542 decided,
723 3477 778 3532 this
801 3479 824 3531 is
845 3477 895 3532 tho
916 3485 979 3532 truc
998 3494 1098 3541 oause;
1116 3476 1179 3530 that
1200 3477 1248 3531 the
1269 3478 1334 3530 heir

236 3565 393 3628 represents
412 3558 462 3614 the
475 3577 577 3629 person
592 3562 625 3614 of
640 3562 689 3616 the
709 3562 852 3626 deceased,
867 3567 918 3616 not
938 3564 968 3615 in
985 3562 1029 3617 his
1047 3561 1162 3625 deserte,
1174 3561 1263 3616 which
1283 3580 1334 3616 are

236 3648 352 3696 matters
369 3643 475 3714 merely
491 3646 629 3714 personal,
642 3646 694 3700 but
708 3647 738 3699 in
759 3646 803 3701 his
820 3647 1004 3717 possessions3
1021 3649 1076 3701 and
1097 3647 1164 3701 with
1184 3647 1263 3701 them
1284 3664 1335 3702 are

236 3727 413 3798 inseparably
427 3729 581 3783 connected
591 3729 634 3783 his
645 3730 726 3785 debts
734 3750 742 3795 ;
760 3732 816 3784 and
828 3732 1006 3803 accordingly
1020 3733 1076 3788 this
1090 3733 1152 3787 rule
1165 3748 1243 3788 camo
1257 3732 1287 3785 in
1302 3749 1334 3787 as

235 3828 306 3867 soon
320 3829 350 3866 as
363 3812 518 3886 ownership
534 3830 613 3869 came
628 3816 666 3869 in.
706 3817 744 3870 So
756 3817 811 3870 Dio
823 3818 1001 3871 Prusaeeneis.

282 3935 471 3983 *commenticio
481 3936 550 3996 jure]
571 3938 675 3984 Difficile
692 3940 750 3985 eaIIe
766 3943 804 3985 est
819 3938 924 3994 definire,
943 3939 1000 3998 quid
1018 3938 1138 3998 intelligat
1155 3940 1259 3997 Paullus,
1277 3941 1335 3986 dum

236 4009 343 4067 Illudjue
352 4011 530 4056 commilitium
540 4017 618 4061 vocat.
639 4012 702 4059 Vide
711 4013 745 4059 Α.
754 4013 875 4069 Faunum,
885 4013 994 4071 Jurr'epr.
1004 4013 1133 4072 Pupiniam.
1144 4014 1190 4062 Τιί,
1197 4027 1213 4060 ι.
1223 4015 1335 4074 Priaeip.

237 4085 272 4132 11.
290 4086 354 4132 lllat.
371 4086 393 4131 ὅ.
424 4084 510 4132 Mene.
528 4085 704 4143 chnususm,
720 4087 854 4135 Mandrum
870 4100 889 4134 1.
906 4088 929 4134 9.
960 4087 1016 4133 Jsc.
1035 4088 1208 4134 Gornoraan.
1225 4089 1250 4134 ln
1266 4089 1297 4135 L.
1313 4093 1335 4135 l.

237 4158 276 4205 De
286 4160 360 4219 Repe.
371 4159 428 4206 Jur.
446 4173 502 4220 pag.
514 4161 537 4207 ὅ.
559 4159 597 4207 ct
613 4162 772 4207 Senuurrau.
787 4161 928 4220 Jurieprud.
940 4161 1104 4209 Ante-Juete'n.
1120 4176 1176 4221 pag.
1187 4162 1238 4209 676.
1255 4163 1301 4210 οοι.
1313 4167 1335 4209 l.

237 4235 289 4281 im‘t.
319 4236 429 4295 Expendi
442 4236 514 4282 etiam
527 4240 608 4297 potest
621 4250 683 4282 nora
694 4237 870 4296 interpretatio,
885 4251 938 4296 quse
952 4238 1041 4298 legitur
1057 4239 1081 4283 iu
1098 4239 1167 4284 Actis
1177 4238 1337 4284 Emeditorum

237 4310 405 4371 Lipaeieruihm,
419 4325 476 4359 ann.
487 4314 552 4359 1714.
568 4326 625 4372 pag.
635 4313 687 4359 655.
704 4312 745 4358 ubi
759 4311 811 4357 vult
825 4311 919 4357 Auctor
930 4311 993 4358 Clar.
1005 4312 1204 4365 Wacnruauus,
1217 4312 1259 4371 jus
1274 4327 1336 4359 eom·

237 4386 363 4432 mestitiam
373 4400 431 4443 cese,
447 4387 512 4447 quod
521 4401 549 4434 ex
559 4387 657 4434 notium
667 4387 770 4447 quadam
781 4387 901 4432 communi
911 4387 994 4431 oritur.
1024 4386 1051 4432 J.
1062 4387 1093 4431 B.
