2834 4920
137 276 207 332 Gar.
220 270 330 340 xvlt]
415 272 468 328 DE
488 270 629 329 naimo
651 272 727 327 PER
749 270 947 339 turbamur,
968 272 1052 330 ETO.
1172 268 1235 333 189

138 439 277 504 debetur.
319 435 504 502 Malefioium
526 436 577 503 hic
600 435 791 524 appellamus
817 437 938 525 culpam
960 460 1092 519 omnem,
1115 438 1180 506 aive
1202 439 1236 507 in

136 536 286 615 iaciendo,
306 535 372 602 aive
392 534 424 600 in
446 558 508 602 non
524 535 675 612 iaciendo,
696 545 887 624 pugnantem
912 559 981 602 cum
1006 558 1054 614 eo,
1077 539 1160 623 quod
1180 547 1237 606 aut

136 634 275 702 homines
299 634 510 713 communiter,
530 643 586 701 aut
610 655 668 721 pro
692 634 815 701 ratione
834 644 929 701 certoe
952 636 1111 722 qualitatis
1132 637 1237 705 facere

134 733 260 801 debent
294 735 363 799 nEr
378 733 435 799 tali
448 734 539 821 culpa
555 733 703 822 obligatio
717 733 902 800 naturaliter
918 735 1028 813 oritur,
1044 735 1072 802 ai
1088 736 1236 803 damnum

135 834 243 900 datum
261 842 319 910 est,
337 834 465 920 ¹nempe
481 841 517 899 ut
531 832 564 898 id
580 832 778 902 resarciatur.

203 932 251 997 II.
295 936 315 998 1
345 925 526 998 bDamnum
547 930 629 998 sorte
645 953 666 998 a
683 931 834 999 demendo
852 931 978 1010 dictum,
1000 944 1048 1003 est
1071 930 1113 1003 cd
1133 929 1237 1005 ἔλατ-

137 1060 209 1110 τον,
234 1053 304 1097 cum
320 1030 388 1119 quis
403 1030 504 1097 minus
520 1031 617 1098 habet
632 1052 699 1109 suo,
724 1031 790 1097 sive
806 1031 884 1098 illud
900 1055 989 1099 auum
1012 1033 1071 1122 ipsi
1087 1036 1237 1123 competit

138 1154 178 1198 ex
203 1152 289 1197 mera
304 1140 427 1208 natura,
452 1129 518 1196 aire
539 1131 704 1196 accedente
726 1128 808 1196 lacto
824 1132 969 1209 humano,
992 1142 1069 1220 puta
1090 1134 1236 1215 dominio,

137 1239 193 1296 aut
212 1239 313 1317 pacto,
336 1229 403 1296 sive
424 1229 564 1318 exlege.
605 1229 730 1296 Natura
752 1229 869 1295 homini
891 1253 981 1297 auum
1000 1240 1048 1299 est
1072 1233 1147 1311 vita,
1173 1256 1235 1300 uon

136 1328 261 1415 quidam
275 1330 317 1396 ad
331 1328 534 1417 perdendum,
558 1328 614 1394 sed
629 1328 670 1393 ad
687 1328 929 1410 custodiendum,
945 1352 1068 1417 corpus,
1085 1332 1234 1411 membra,

137 1429 230 1505 fama,
254 1429 364 1506 honor,
389 1427 526 1494 actiones
542 1427 687 1515 propriae.
733 1426 877 1492 Dominio
901 1437 934 1494 et
958 1429 1057 1515 pactis
1082 1431 1235 1516 quomodo

138 1549 227 1593 suum
244 1527 318 1614 quid
331 1526 441 1614 cuique
457 1527 507 1603 sit,
524 1526 665 1613 superior
680 1525 826 1592 metatio
843 1526 956 1603 docuit,
973 1536 1039 1593 tum
1055 1529 1158 1615 quoad
1172 1551 1234 1607 ros,

138 1634 204 1693 tum
221 1626 323 1713 quoad
340 1626 394 1714 jus
414 1626 447 1692 in
465 1626 602 1692 actiones
622 1624 747 1691 alienas.
800 1624 899 1691 Simili
918 1625 1009 1692 modo
1032 1649 1072 1692 ex
1094 1628 1165 1716 lege
1182 1627 1236 1716 jus

137 1747 225 1791 suum
242 1725 351 1813 cuique
372 1724 481 1802 oritur,
499 1724 572 1811 quia
586 1723 674 1790 idem*
687 1731 742 1790 aut
758 1723 827 1811 plus
847 1723 901 1817 len
916 1732 1019 1811 potest
1034 1747 1126 1812 quam
1146 1727 1180 1792 in
1201 1749 1236 1794 se

137 1847 174 1891 ac
189 1847 245 1891 aua
260 1824 384 1914 singuli.
427 1824 479 1890 Sic
494 1822 628 1911 pupillus
645 1822 812 1909 jochabet
832 1831 974 1889 exactam
994 1826 1150 1911 quandam
1167 1827 1237 1893 dili-

136 1923 275 2013 gentiam
293 1923 443 2012 exigendi
464 1945 485 1989 a
504 1931 618 1999 tutore,
640 1921 851 2009 respublicaa
873 1923 1068 2012 magistratu,
1094 1947 1152 1991 neo
1170 1949 1237 1993 res-

136 2023 258 2110 publica
279 2030 411 2100 tantum,
434 2022 490 2089 sed
513 2030 546 2088 et
567 2020 649 2086 cives
671 2021 793 2109 singuli,
816 2020 936 2107 quoties
957 2022 1010 2089 lex
1034 2022 1068 2090 id
1089 2046 1237 2114 expresse

136 2130 192 2190 aut
208 2143 266 2209 per
282 2121 481 2188 sufficientem
497 2119 747 2207 consequentiam
760 2119 921 2208 signifieat

212 2223 233 2286 2
262 2220 308 2287 At
325 2243 366 2286 ex
383 2221 449 2287 sola
470 2219 655 2306 aptitudine,
673 2218 756 2305 quod
775 2218 828 2304 jus
850 2218 951 2285 minus
966 2221 1095 2309 proprie
1112 2221 1235 2302 dicitur,

137 2327 170 2386 et
190 2320 231 2385 ab
252 2318 454 2410 assignatrice
471 2317 594 2407 justitia
613 2326 782 2405 spectatur,
805 2338 868 2381 non
888 2318 987 2384 oritur
1010 2343 1118 2386 uerum
1140 2321 1237 2386 domi-

136 2417 230 2495 nium,
255 2440 293 2485 ac
317 2417 447 2507 proinde
476 2415 680 2485 restitutionis
703 2415 869 2504 obligatio:
904 2417 977 2503 quia
1001 2440 1063 2483 non
1086 2418 1119 2484 id
1143 2419 1236 2487 elicui

137 2592 178 2642 ita
192 2593 270 2641 Varro
284 2594 348 2641 libro
362 2606 401 2644 rr.
420 2592 540 2641 Danaam
562 2607 579 2640 a
598 2592 661 2640 drur-
712 2593 1047 2652 ιιιιπνοιμοριιιιιιοιιιιιω.
1072 2592 1124 2639 Neo
1133 2593 1236 2643 absurde

136 2668 206 2724 ιὶοιιι,
220 2682 272 2715 cam
281 2668 357 2714 utum
365 2668 489 2728 refactae·
498 2682 570 2728 quara
577 2667 663 2728 quenti
712 2668 816 2715 deducas
825 2681 926 2728 agraoo
936 2668 1026 2726 ια’μνω,
1034 2668 1237 2729 οιιοιοοιβιιζω,

136 2748 237 2791 eonem.
270 2742 341 2802 (Peg.
361 2745 400 2789 41.
429 2742 498 2788 Edit.
517 2742 552 2789 Η.
570 2741 662 2803 Stepb.)
711 2743 1111 2804 autexgnpiudumiustamnam,
1122 2747 1236 2808 utrrpia,

136 2816 663 2878 Aliimaglsprobsutderivarlagrmcedc·
711 2830 817 2878 requam.

136 2892 211 2951 raim,
225 2896 254 2940 ut
267 2893 300 2940 ait
314 2892 425 2953 deprava,
444 2891 530 2939 deinde
545 2892 664 2950 ιιοιιιιιιιιι,

136 3138 210 3195 fault
229 3140 316 3195 arisae
329 3139 368 3211 by
378 3139 500 3195 Natural
513 3140 581 3194 Law
594 3156 632 3194 au
643 3140 805 3212 obligation,
820 3140 847 3195 if
865 3139 914 3195 the
929 3154 1026 3210 wrong
1038 3138 1075 3194 be
1090 3154 1237 3210 accompa-

135 3225 203 3281 nied
217 3225 283 3279 with
298 3225 431 3296 damage:
454 3226 575 3298 namelp,
586 3225 636 3281 the
649 3227 802 3297 obligatior
815 3226 848 3280 οι
859 3226 1000 3297 repairing
1014 3224 1064 3279 the
1077 3240 1182 3295 wrong.

190 3311 229 3366 II.
267 3317 282 3364 1
305 3311 441 3382 Damago‚
455 3312 588 3366 ιιοιιιιιιιιιι
602 3310 736 3383 (perhaps
750 3312 825 3366 from
842 3305 939 3375 doma)
951 3312 975 3364 is
987 3310 1068 3365 when
1079 3326 1097 3364 a
1108 3327 1173 3364 man
1186 3308 1236 3365 has

136 3397 191 3452 lesa
210 3395 281 3451 than
297 3395 373 3452 what
391 3397 416 3451 ia
430 3398 479 3461 ιιι,
490 3395 616 3452 whether
632 3398 655 3452 it
674 3397 711 3451 be
730 3398 770 3451 ιιι
784 3397 823 3469 by
840 3413 917 3451 mere
931 3401 1042 3462 nature,
1059 3413 1092 3450 or
1105 3396 1143 3468 by
1157 3411 1238 3452 some

135 3481 242 3536 human
256 3487 302 3536 aot
313 3483 344 3536 in
361 3482 498 3547 addition,
509 3499 540 3538 aa
554 3482 719 3555 ownership,
733 3488 807 3554 pact,
820 3483 880 3537 law.
914 3481 1020 3553 Things
1034 3480 1125 3535 which
1139 3498 1156 3535 a
1171 3498 1237 3536 man

135 3584 201 3639 may
212 3568 313 3638 regnrd
324 3584 355 3622 aa
367 3569 407 3622 lic
421 3567 460 3639 by
470 3574 571 3623 nature
585 3584 634 3623 are
648 3567 706 3633 life,
721 3574 772 3623 not
786 3567 888 3623 indeed
903 3574 933 3623 to
946 3567 1035 3623 throw
1047 3583 1132 3638 away,
1142 3566 1195 3621 but
1207 3574 1237 3622 to

134 3652 217 3724 keep,
236 3651 281 3707 bia
300 3652 385 3724 body,
399 3653 490 3718 limbs,
509 3654 593 3718 lame,
610 3653 729 3719 honour,
749 3654 793 3708 his
812 3670 875 3708 own
893 3659 962 3708 acts.
991 3653 1078 3706 What
1094 3653 1118 3706 ia
1136 3651 1180 3706 his
1199 3651 1238 3724 by

135 3737 291 3809 ownership
305 3738 362 3793 aud
373 3744 448 3810 pact,
459 3739 514 3793 and
528 3737 600 3803 how,
614 3756 656 3793 we
667 3739 739 3794 hare
753 3739 848 3793 shown
859 3738 956 3802 above,
967 3737 1037 3793 both
1049 3754 1080 3792 aa
1092 3742 1122 3792 to
1134 3736 1238 3809 things,

134 3823 193 3877 and
206 3839 239 3877 aa
251 3828 282 3878 to
294 3822 371 3895 right
385 3840 453 3879 over
466 3817 569 3880 othem’
582 3829 650 3879 acta
686 3825 721 3878 In
735 3825 793 3879 like
808 3841 926 3879 manner
936 3823 985 3878 the
1000 3823 1053 3877 law
1067 3822 1238 3878 determines

134 3907 181 3963 ior
191 3908 261 3964 eaoh
273 3909 348 3965 what
362 3910 386 3963 ia
399 3908 452 3973 his,
465 3909 511 3965 for
525 3909 574 3964 the
588 3909 642 3963 law
661 3925 714 3964 can
728 3909 765 3963 do
780 3925 858 3964 more
876 3910 923 3964 sor
936 3925 955 3963 a
968 3925 1034 3962 man
1048 3906 1118 3962 than
1132 3906 1170 3962 ho
1184 3923 1238 3962 can

135 3993 172 4049 do
186 3993 233 4049 for
246 3993 368 4050 himself.
414 3994 491 4049 Thus
505 4010 523 4048 a
537 3995 613 4048 ward
630 3994 681 4049 has
696 4011 714 4048 a
727 3994 804 4066 right
822 4001 852 4049 to
866 4011 884 4048 a
899 3994 1006 4048 certain
1025 4009 1089 4048 carc
1103 3992 1160 4046 and
1175 3992 1240 4046 dili.

134 4094 223 4149 genoe
236 4079 310 4134 from
321 4080 365 4134 his
376 4080 531 4150 guardiam
552 4078 602 4134 the
615 4080 705 4144 State,
718 4080 793 4135 from
806 4096 824 4133 a
837 4079 1016 4150 magistrater
1037 4078 1092 4132 and
1107 4082 1159 4131 not
1170 4077 1239 4148 only

135 4163 186 4219 the
198 4164 288 4230 State,
302 4165 355 4219 but
369 4163 440 4220 each
454 4164 562 4230 oitiaen,
576 4182 607 4220 aa
622 4165 702 4220 often
713 4182 744 4219 aa
759 4164 808 4220 tho
823 4164 875 4218 law
893 4163 1044 4237 expressly,
1061 4179 1094 4218 cr
1108 4162 1146 4234 by
1162 4163 1239 4217 clear

135 4249 318 4321 implication,
329 4249 423 4304 marks
438 4248 507 4305 anch
521 4267 539 4305 a
550 4266 751 4322 consequence.

185 4340 203 4389 2
224 4336 283 4390 But
304 4352 322 4390 a
343 4351 422 4390 mere
439 4335 532 4391 Moral
550 4336 649 4402 claim,
663 4335 754 4391 which
774 4336 799 4391 is
820 4341 873 4392 not
890 4333 1022 4407 properly
1036 4350 1054 4388 a
1067 4331 1163 4402 Right,
1180 4329 1239 4387 and

136 4418 254 4492 belongs
267 4425 299 4478 ιο
319 4419 497 4479 distributive
512 4437 547 4479 or
563 4423 737 4496 assignatory
755 4421 867 4493 justice,
883 4421 952 4476 does
971 4424 1023 4475 not
1035 4417 1160 4491 pmduce
1173 4422 1239 4474 true
