2834 4920
236 237 297 299 110
599 243 651 298 ne
673 243 964 302 Junnrunrnno.
1207 241 1278 316 [nu.
1290 247 1329 304 11.

234 410 410 474 mutabilia
432 419 516 484 suut,
541 409 626 472 uude
642 429 699 490 aee
717 409 854 493 elipeum
871 411 911 474 de
929 410 975 475 iis
987 410 1116 493 jurare,
1140 430 1197 474 aee
1214 421 1331 477 tutum.

234 510 278 573 Et
295 507 441 573 Libenius
465 507 498 572 in
520 505 688 572 Christiani
710 507 912 593 Imperatoris
928 507 1072 574 laudibus
1089 508 1196 595 ponit:
1221 506 1333 602 irrep«

236 609 306 676 rias
337 609 502 675 τοσοῦτον
533 600 747 681 ἀποστατῶν,
779 602 869 675 ὥστε
904 605 957 675 καί
991 603 1072 700 erpdr
1101 603 1162 677 τιίς
1189 603 1333 702 εὐορκίας

235 700 324 800 ἔχειν
358 702 523 792 εὐλαβῶς·
554 728 578 770 a
601 706 750 791 perjurio
782 718 910 771 tautum
938 709 1035 786 abest,
1063 719 1100 773 ut
1127 709 1226 774 etiam
1252 731 1332 775 vera

71 811 197 902 &pflu-
228 809 348 892 jurare
379 818 538 872 vereatur.
589 803 772 870 Euststhius
810 805 852 870 ed
884 805 961 871 illud
995 807 1147 895 Odysseoe
1175 808 1224 877 Ξι
1252 803 1330 875 ἀλλ’

235 900 311 987 ἦτοι
339 901 434 999 ὅρκον
460 900 517 984 μὲν
544 898 702 981 ἐάσομεν·
730 902 852 970 sicali:
877 901 915 973 ori
943 907 1041 998 χρεία
1070 903 1168 999 ὅρκον
1194 901 1230 974 ἑν
1260 909 1331 979 τοῖς

233 997 362 1084 ἀδήλοις
394 999 476 1096 rrpdr
504 999 701 1088 βεβαίωσιν,
736 997 816 1072 ἀλλ’
851 1000 948 1098 εὐχῆς
982 1000 1063 1098 erpds
1096 1001 1330 1086 ἀποτέλεσμα·

232 1106 276 1169 In
296 1104 390 1169 rebus
406 1105 540 1169 lacertis
561 1123 625 1166 non
649 1104 696 1167 ad
712 1107 978 1170 asseverationem
992 1106 1217 1188 jurameutum
1236 1108 1332 1171 adlei-

233 1204 379 1277 beudam,
400 1205 456 1268 sed
466 1223 580 1288 preces
591 1223 656 1286 pro
674 1202 752 1266 bono
771 1203 869 1268 erite.

71 1321 179 1407 ⁰⁸⁸2*
308 1303 416 1367 XXII.
465 1301 542 1366 Ideo
565 1299 670 1365 multis
693 1299 726 1366 in
748 1300 822 1366 locis
844 1299 912 1368 viee
938 1300 1143 1389 jurisjurandi
1169 1311 1330 1390 repertum

62 1376 157 1462 ldr'eir·
233 1408 290 1478 est,
318 1410 354 1467 ut
380 1401 474 1466 ctides
499 1399 581 1466 detis
610 1399 758 1478 dexteris,
782 1421 853 1487 quae
877 1410 948 1468 eret
973 1402 1089 1475 πίστις
1110 1398 1330 1488 βεβαιοτάτη

69 1516 220 1558 neuneu
233 1497 325 1594 παρά
352 1514 423 1570 τοῖς
448 1497 601 1593 Πέρσαις,
624 1500 851 1583 firmissimum
879 1504 972 1588 apud
1001 1505 1127 1568 Persas
1149 1503 1233 1586 fidei
1259 1506 1330 1568 siu-

232 1603 353 1677 calum,
385 1608 442 1667 eut
465 1600 525 1665 elio
552 1621 614 1685 quo
639 1598 729 1687 signo
756 1599 981 1687 obstringetur,
1007 1622 1045 1666 ee
1071 1600 1112 1678 vi,
1143 1611 1187 1678 ut,
1217 1599 1250 1665 ni
1273 1601 1329 1665 im-

232 1700 356 1787 plentur
378 1696 547 1786 promissio,
569 1697 738 1784 promissor
762 1720 824 1762 non
847 1699 947 1764 miuus
971 1698 1160 1765 detestebilis
1176 1699 1330 1765 habeatur

233 1820 327 1884 quem
354 1797 380 1861 si
402 1798 580 1884 pejerasset.
631 1795 792 1882 Praecipue
815 1795 855 1862 de
877 1798 1004 1886 regibus
1026 1797 1163 1883 virisque
1184 1797 1330 1886 principi·

231 1897 289 1962 bus
306 1896 421 1962 dictum
435 1905 483 1961 est
493 1893 734 1972 usitatissimum,
749 1894 843 1960 fidem
858 1917 965 1961 eorum
978 1918 1035 1983 pro
1048 1895 1254 1983 jurejurando
1273 1920 1327 1963 ve·

68 2015 217 2057 messae
232 1995 307 2061 lere.
359 1994 451 2061 Tales
477 1993 559 2060 euim
584 2014 651 2059 esse
674 1993 799 2071 dehent,
822 2001 858 2061 ut
880 2017 949 2060 eum
973 1997 1116 2085 Augusto
1133 1996 1237 2062 dicere
1259 2019 1328 2084 pos·

66 2073 135 2102 auree.
157 2065 188 2103 De

66 2108 212 2194 2333th
232 2095 304 2171 sint,
333 2087 450 2159 dBonae
479 2093 552 2159 fidei
583 2115 670 2160 sum:
706 2101 739 2159 et
764 2114 835 2159 cum
860 2094 1010 2172 Eumene,
1040 2095 1137 2162 vitem
1163 2118 1198 2162 ee
1226 2097 1329 2183 potius

65 2200 202 2240 hem-¹¹¹·
231 2195 386 2281 posituros
408 2215 500 2280 quem
525 2192 638 2260 fidem:
663 2213 725 2279 quo
744 2200 778 2259 et
795 2191 873 2260 illud
895 2193 1032 2282 pertinet
1054 2194 1211 2261 Guntheri
1234 2194 1328 2285 Ligu·

61 2245 210 2387 ίξξνζξζζ
231 2293 299 2359 rino
318 2293 403 2382 [nn.
421 2315 468 2362 111.
486 2315 568 2360 vers.
585 2292 689 2382 sup

64 2384 120 2469 iiii
128 2385 147 2469 i
155 2432 185 2470 ια
617 2410 704 2466 Nudo
715 2413 761 2482 jue
776 2419 806 2468 et
819 2415 977 2471 reverentie
990 2415 1076 2470 verbo

64 2475 214 2571 {lfflm
446 2498 532 2570 Regis
547 2499 636 2553 inesse
651 2498 731 2563 solet,
745 2500 841 2570 quovis
851 2501 994 2570 juramine
1004 2503 1101 2572 major.

226 2671 298 2703 mox:
309 2655 441 2715 σφαλερὸν
448 2655 493 2713 μίν
500 2654 655 2713 seorsim!
662 2653 752 2700 ἑαυτοῦ
802 2660 901 2702 meterem
917 2670 1001 2710 curua,
1021 2656 1156 2716 eequsnius'
1162 2656 1326 2717 juramentum

226 2748 284 2776 τινα
295 2729 404 2788 ὀμνύναι.
424 2727 513 2773 archid
522 2726 572 2786 γιίρ
586 2727 634 2772 ὑπὸ
644 2726 691 2781 τήν
700 2729 752 2773 τῶν
802 2735 827 2775 et
837 2729 895 2775 fides
905 2730 1054 2790 interposita.

226 2803 387 2863 πραγμάτων
404 2800 580 2860 περιστάσεως
599 2799 750 2859 βιαζόμεθα·
845 2802 1081 2864 dBmfider'mm]
1106 2805 1144 2852 De
1159 2804 1272 2866 Evagon
1282 2806 1325 2852 su.
1415 2834 1416 2837 ,

225 2878 389 2925 Periculosum
409 2876 484 2937 igilur
503 2877 574 2922 eliam
594 2875 623 2921 dt
637 2889 680 2920 erio
696 2879 751 2920 actu
800 2876 895 2924 luminis
914 2892 972 2938 rege
987 2879 1119 2928 Isocrates:
1134 2879 1222 2938 dusius
1241 2880 1285 2927 reis
1300 2881 1326 2926 lv

219 2953 307 3010 jurare
316 2969 327 3009 ,·
347 2953 422 2998 multu
441 2952 502 2997 euim
521 2951 589 2997 nohis
605 2950 677 3009 eripit
696 2949 751 3008 ipsa
801 2957 858 2998 τοῖς
873 2952 960 3012 λόγοις
979 2952 1115 3013 ὁμολογίαι
1135 2953 1221 3013 ι’ίστιρ
1238 2954 1285 3001 τιίε
1300 2956 1326 3001 ἐν

225 3044 303 3075 rerum
323 3034 413 3075 nulum
431 3027 535 3085 metesa
551 3026 652 3073 cadom.
678 3023 751 3086 (Peg.
801 3032 858 3073 τοῖς
868 3026 949 3084 ὅρκοις
959 3026 1148 3087 διαφυλάττων.
1164 3028 1237 3089 (Peg.
1250 3029 1292 3076 197
1302 3043 1326 3077 s.

223 3103 291 3163 564.)
801 3100 851 3148 Ed.
868 3100 901 3147 H.
918 3101 1013 3163 steph.)
1028 3103 1161 3163 symmach.
1171 3118 1195 3149 x.
1206 3104 1244 3152 19.
1260 3103 1327 3150 Nus·

268 3187 279 3213 ⁰
301 3179 375 3226 Fides
393 3178 458 3225 datis
477 3175 592 3238 dexteru]
619 3177 750 3224 Meminere
800 3191 872 3236 φιαιιι
881 3177 1327 3238 mqiorrpesquuruinbonorumprin·

224 3255 365 3300 Enstnthiue
380 3255 414 3299 nd
429 3252 540 3312 Odyssea
556 3255 591 3299 Ωι
607 3253 750 3313 Aristophe-
801 3252 880 3311 cipum
899 3253 1031 3311 φοιυίοαο.
1065 3252 1163 3299 Nicetes
1187 3253 1217 3299 de
1240 3254 1326 3300 Aleria

225 3327 262 3373 uis
269 3327 414 3372 scholiastes
424 3325 548 3381 stuta,
560 3325 630 3384 [vers.
637 3328 674 3372 81.
688 3325 750 3372 Vide
800 3325 973 3385 Itaacifraire
982 3327 1036 3373 Lib.
1049 3339 1087 3374 111.
1103 3328 1241 3373 Βοσιλεῦσι
1255 3329 1326 3388 σαριί

225 3401 285 3446 etin
295 3400 442 3446 Achemene.
451 3412 512 3444 vers.
522 3400 574 3445 307.
583 3399 625 3458 qui
635 3399 701 3444 locus
712 3399 751 3443 iu·
801 3400 854 3444 πᾶν
862 3399 949 3458 ἕτερον
958 3401 1067 3458 εὐορκεῖν
1077 3399 1172 3446 τιθέναι
1181 3401 1240 3460 περί
1250 3401 1326 3446 πλεί-

226 3476 317 3535 siguior
332 3473 396 3533 est]:
421 3473 543 3519 Diodorus
559 3472 653 3518 Siculus
667 3472 750 3530 (Libro
801 3488 864 3516 στου
874 3471 965 3532 χρέων·
983 3472 1256 3532 Reqiburjuriejurandi
1259 3475 1325 3533 fides

226 3565 282 3598 xvi.
293 3566 315 3597 e.
326 3552 377 3610 4³):
394 3548 521 3596 Crsntziue
530 3547 701 3596 Saronicus-um
710 3561 749 3594 xi.
800 3550 855 3592 anre
864 3546 943 3592 mutia
952 3547 1122 3606 disponenda
1131 3551 1171 3594 est.
1187 3547 1259 3608 (Cep.
1270 3549 1304 3607 4.)

224 3628 262 3673 27.
293 3622 708 3682 1nc.Adureree,3.delrisquoe
725 3623 750 3669 ci

537 3766 627 3773 ..-

277 3873 376 3928 XXII.
403 3872 509 3936 Hence,
522 3872 552 3925 in
567 3886 652 3940 many
664 3885 749 3934 reem,
759 3867 869 3922 instead
881 3867 915 3922 of
925 3885 962 3923 eu
974 3865 1114 3931 cathmus
1128 3865 1295 3921 introduced
1307 3884 1325 3921 e

223 3961 347 4032 practice
359 3957 422 4012 thet
433 3957 508 4028 good
518 3955 591 4011 seith
605 3954 707 4010 should
718 3954 754 4008 he
767 3953 920 4008 confirmed
934 3953 973 4024 by
986 3952 1081 4023 giving
1089 3951 1139 4007 the
1151 3950 1227 4024 right
1239 3952 1325 4018 bend,

223 4061 256 4100 cr
270 4061 348 4101 some
360 4042 442 4098 other
453 4044 532 4114 signr
550 4040 617 4095 with
629 4040 684 4096 this
697 4039 879 4111 implicatior,
890 4038 991 4093 thetis
1006 4037 1055 4093 tho
1069 4038 1191 4109 promise
1205 4055 1261 4092 was
1272 4044 1324 4093 not

223 4131 351 4194 fulfllled,
364 4129 412 4184 the
424 4129 561 4202 promiser
573 4143 627 4181 ves
642 4126 708 4180 held
722 4142 760 4180 uc
778 4125 832 4180 less
844 4124 1001 4180 detestoble
1016 4123 1085 4178 then
1103 4123 1128 4176 if
1141 4123 1179 4177 he
1191 4122 1248 4178 hed
1259 4140 1323 4194 per-

220 4216 304 4288 jured
316 4215 437 4271 himself.
463 4212 621 4285 Especially
633 4213 656 4266 it
667 4212 690 4266 is
702 4228 720 4266 e
731 4227 861 4266 common
871 4212 977 4284 seyiug,
989 4209 1158 4280 concerniug
1171 4209 1252 4280 kiugs
1266 4209 1324 4264 eud

222 4304 341 4375 princes,
350 4301 412 4356 thet
425 4299 500 4356 their
510 4299 586 4354 word
597 4315 664 4369 goes
673 4297 718 4352 lor
726 4297 799 4352 their
811 4295 887 4352 osth.
923 4297 980 4352 For
994 4295 1062 4368 they
1073 4294 1161 4368 ought
1170 4295 1243 4350 tobe
1254 4294 1323 4349 euch

223 4388 286 4444 thot
301 4388 368 4461 they
383 4404 435 4443 cen
447 4403 496 4459 sey
510 4384 576 4440 with
592 4384 749 4458 Augustus:
768 4383 842 4440 lem
853 4399 945 4440 emen
957 4380 1163 4456 clgoodfsith:
1187 4381 1244 4436 end
1255 4379 1323 4435 with
