2834 4920
141 280 209 335 cn».
223 272 305 347 xm]
585 276 638 332 on
659 277 796 332 rmum.
1179 271 1241 335 295

140 439 297 517 familiam,
311 437 397 525 cujus
412 436 648 505 fundamentum
664 447 712 506 est
728 436 977 506 matrimonium:
998 444 1156 526 postrema
1171 462 1242 529 quae

140 562 192 606 res
207 538 344 628 singulas
361 537 543 624 expetibiles
565 547 695 625 spectat,
712 538 779 605 sive
803 538 921 606 directe
937 539 1159 621 subtrahendo,
1177 541 1242 608 sire

87 640 94 647 ’
141 638 211 705 dolo
229 637 310 705 malo
326 659 449 703 causam
467 638 569 704 dando
585 638 699 704 damni.

216 740 237 803 2
271 739 407 803 Possunt
429 737 496 803 haec
519 737 587 824 ipsa
609 736 750 803 subtilius
776 736 883 816 dividi,
901 737 957 804 sed
981 759 1074 823 quem
1091 738 1241 807 indicavi-

140 860 209 903 mus
225 836 365 902 ordinem
386 838 474 901 Deus
493 835 525 901 in
543 835 691 925 decalogo
714 845 838 902 secutus
859 845 916 904 est.
967 838 1051 904 Nam
1076 853 1240 925 parentum

141 935 273 1014 nomine,
290 935 343 1022 qui
366 934 525 1001 naturales
549 944 623 1001 sunt
649 935 862 1024 magistratus,
880 935 974 1003 etiam
1001 935 1078 1002 alios
1103 947 1242 1006 rectores

142 1058 201 1124 par
218 1043 267 1101 est
282 1034 423 1124 intelligi,
443 1056 574 1121 quorum
597 1035 766 1101 auotoritas
785 1034 964 1101 societatem
986 1034 1153 1101 humanam
1170 1059 1242 1103 con-

142 1137 241 1201 tinet:
266 1133 406 1220 sequitur
424 1132 600 1200 interdictio
620 1132 793 1200 homicidii:
818 1133 932 1200 deinde
952 1133 1139 1201 matrimonii
1155 1158 1241 1203 sano·

142 1234 196 1309 tia,
211 1231 350 1299 inhibitis
366 1231 547 1299 adulteriis:
573 1240 640 1299 tum
656 1233 752 1311 furta,
769 1241 803 1299 et
818 1231 1021 1301 falsimoniae:
1043 1234 1110 1300 loco
1132 1234 1240 1302 ultimo

142 1332 256 1398 delicta
277 1331 530 1398 inconsummata
580 1332 669 1397 Inter
693 1353 802 1398 causas
822 1340 927 1398 autem
944 1334 1162 1399 abstrahentes
1178 1357 1241 1401 non

143 1431 236 1497 debet
258 1430 332 1519 poni
357 1440 479 1499 tantum
502 1429 635 1517 qualitas
657 1429 724 1517 ejus
748 1432 832 1518 quod
853 1431 970 1498 directe
986 1432 1032 1511 fit,
1053 1434 1109 1499 sed
1126 1442 1159 1499 et
1175 1433 1241 1521 ejus

143 1530 227 1617 quod
252 1538 429 1597 secuturum
454 1529 616 1618 probabile
641 1539 699 1607 est,
728 1539 765 1597 nt
794 1531 828 1596 in
860 1530 1001 1597 incendio
1035 1540 1068 1598 et
1100 1532 1240 1620 perfosso

142 1650 260 1717 aggere
287 1629 456 1696 multorum
480 1650 608 1696 summas
633 1629 824 1697 calamitates
847 1637 881 1695 et
902 1637 1019 1697 mortes
1040 1629 1134 1698 etiam
1154 1653 1241 1719 spec-

141 1728 246 1793 wuda:
262 1737 343 1796 sunt.

211 1830 233 1892 3
268 1827 319 1893 ad
332 1826 524 1914 injustitiam,
542 1849 635 1915 quam
656 1825 835 1916 generalem
852 1849 975 1893 causam
993 1827 1160 1915 posuimus,
1178 1829 1241 1895 riu-

140 1926 264 1993 tendum
284 1935 317 1993 et
336 1927 422 1994 aliud
441 1927 561 1993 accedit
581 1926 700 2005 vitium,
721 1934 797 2013 puta
814 1927 956 2014 impietas
971 1926 1004 1992 in
1020 1935 1176 2015 parentes,
1194 1929 1241 1993 iu-

140 2025 315 2092 humauitas
339 2026 372 2091 in
397 2026 595 2114 propinquos,
619 2025 762 2114 ingratus
784 2026 904 2091 animus
929 2025 961 2091 in
985 2027 1147 2104 beneficos,
1170 2050 1241 2114 qnae

139 2133 258 2213 augent
285 2124 440 2193 delictum.
486 2124 630 2213 Apparet
658 2146 782 2212 quoque
808 2125 908 2212 major
936 2126 1075 2214 pravitas
1102 2127 1145 2193 'si
1172 2127 1241 2215 quis

139 2296 174 2342 wis
184 2297 257 2355 videt,
267 2299 364 2345 omnino
373 2300 404 2347 ad
414 2314 473 2358 rem,
483 2301 514 2348 de
521 2313 569 2361 qna
576 2301 664 2362 agitur,
758 2310 769 2336 ¹
784 2302 814 2349 Si
819 2303 966 2362 masupia:
972 2301 1084 2364 deliquit]
1097 2303 1132 2349 'ld
1139 2302 1241 2363 μινγᾰρ

139 2371 205 2418 facit.
235 2371 331 2419 Auctor
339 2374 447 2422 voluerat
456 2375 534 2421 dicere
546 2376 572 2423 in
580 2375 665 2423 Marci
715 2377 841 2437 ἀγνοῆσαι
849 2393 916 2423 ποτε
925 2377 961 2422 ‘ra'
971 2375 1038 2423 cari
1046 2378 1094 2423 τὸν
1103 2378 1160 2435 βίον
1170 2378 1242 2425 ἐστὶν

139 2445 234 2493 caiis.-
255 2446 299 2492 fled
314 2446 470 2507 mwgttanda
485 2449 595 2508 quadam,
611 2454 666 2496 orta
715 2450 897 2510 &vipereo-rt
907 2451 932 2496 dd
943 2450 986 2497 tart
995 2455 1051 2496 τοῖς
1061 2452 1147 2497 adroic
1155 2451 1240 2511 πράγ-

139 2534 169 2567 ex
179 2521 304 2568 οᾶθοίιοιο
313 2523 434 2569 nominum
443 2524 603 2579 familiarium,
611 2523 665 2582 qui·
715 2543 779 2585 μασι
802 2523 938 2571 πλεονάκις
963 2523 1125 2583 ἁμαρτάνειν,
1149 2524 1240 2572 τέλεον

139 2596 184 2642 bus
194 2597 243 2643 dno
252 2598 413 2660 Evangelietre
421 2600 537 2658 gaudent,
548 2600 586 2646 wel
597 2600 664 2646 Auo·
716 2599 883 2658 ἐξεστηκότος
892 2603 948 2645 τοῖς
957 2597 1099 2658 λογισμοῖς·
1118 2597 1170 2658 ὅσῳ
1188 2598 1239 2658 γάρ

139 2674 179 2719 ιοι·
197 2671 256 2732 ipse,
275 2672 314 2719 wel
334 2673 484 2734 Exscriptor,
504 2675 595 2721 Lucam
620 2688 664 2735 pro
716 2674 835 2720 alcioris
852 2670 1019 2731 dhara-ripae:
1040 2671 1240 2728 σερισεπτῶκσ-

139 2747 223 2793 ntaroo
233 2749 302 2794 nobis
312 2750 459 2806 obtulerunt,
468 2755 497 2796 ut
507 2751 597 2797 habent
607 2751 665 2797 Edi·
715 2765 768 2804 μεν,
781 2749 897 2807 τοσούτῳ
911 2745 1022 2807 μείζονος
1034 2746 1156 2805 τιμωρίας
1172 2745 1240 2808 ἄξιοι

138 2819 217 2868 tiones
226 2823 278 2869 wico
290 2824 398 2869 Auctore
408 2824 433 2868 in
443 2823 520 2870 lucem
531 2824 629 2880 ambare,
639 2828 665 2871 et
714 2827 804 2882 τυχεῖν
815 2821 965 2882 ὑπάρχομεν
978 2820 1109 2881 aliquando
1119 2821 1241 2881 ι’φιονοςεο

138 2895 180 2941 illa
192 2897 264 2943 ctiam
278 2897 337 2943 anni
349 2898 418 2946 rate.
434 2902 491 2958 post
505 2898 598 2945 obitum
613 2899 664 2959 ejus
715 2897 780 2957 quod
789 2897 838 2943 cita
847 2898 935 2956 exigat,
950 2896 1050 2943 bominis
1059 2901 1108 2943 ert:
1124 2901 1151 2942 οι
1160 2897 1186 2942 in
1196 2897 1239 2944 iis·

138 2970 225 3030 prima.
253 2972 280 3020 J.
290 2972 337 3033 Β.]
715 2970 767 3017 dcta
784 2971 852 3017 rebus
867 2971 955 3030 sapiae
970 2971 1091 3029 aberrare,
1108 2976 1188 3019 ινιοισ
1206 2976 1240 3019 ενι

136 3209 174 3271 ¹or·
183 3217 222 3290 by
234 3217 389 3288 producing
403 3216 522 3288 damage
536 3216 658 3288 through
673 3233 769 3287 wrong
783 3215 877 3287 doing.
988 3243 989 3246 =

193 3309 212 3357 2
241 3303 332 3358 Thcec
345 3307 463 3357 matters
477 3303 567 3373 might
588 3302 624 3357 be
646 3301 758 3356 dirided
776 3318 855 3356 more
875 3300 1004 3373 subtilly;
1021 3301 1073 3356 but
1089 3301 1137 3356 the
1154 3301 1239 3358 order

140 3388 232 3443 which
243 3405 284 3442 we
298 3388 370 3442 hare
384 3388 526 3443 indicated
537 3390 560 3442 is
573 3387 636 3442 that
650 3386 740 3441 which
755 3387 819 3441 God
834 3387 884 3442 has
899 3387 1029 3441 followed
1042 3388 1073 3440 in
1087 3387 1136 3442 the
1148 3388 1238 3443 Deca-

140 3473 232 3545 loguo.
263 3472 337 3541 [ibe
348 3472 414 3528 fifth
425 3474 652 3529 commandment
664 3472 790 3528 includes
804 3472 896 3529 duties
907 3479 937 3527 to
949 3471 1129 3543 governors];
1140 3474 1187 3529 for
1200 3475 1238 3548 by

140 3558 190 3615 the
212 3575 295 3613 name
310 3559 344 3613 of
361 3565 484 3631 parents,
498 3560 561 3614 who
575 3576 624 3614 are
642 3560 755 3614 natural
775 3560 960 3632 magistrates,
974 3557 1057 3614 other
1070 3560 1159 3615 rulers
1178 3560 1237 3616 also

139 3650 216 3700 must
226 3644 263 3700 be
277 3645 464 3701 understood:
487 3645 556 3700 then
571 3645 678 3701 follows
690 3644 740 3700 the
751 3645 931 3700 interdiction
944 3644 978 3698 of
989 3644 1146 3711 homicide:
1168 3645 1238 3701 then

139 3730 190 3786 the
201 3732 328 3786 sanction
339 3731 373 3785 of
381 3732 549 3804 matrimony
560 3732 598 3803 by
609 3730 659 3785 the
670 3731 844 3802 prohibition
856 3731 888 3786 of
899 3730 1047 3802 adultery3
1064 3731 1133 3787 then
1145 3731 1237 3799 theft3

139 3816 209 3872 then
223 3816 294 3872 false
307 3818 417 3872 witness
424 3836 433 3882 ;
450 3818 480 3871 in
492 3817 541 3873 tho
552 3818 606 3872 laet
617 3817 707 3888 place,
718 3817 775 3871 sins
791 3817 1050 3872 uuconeummatod.

195 3901 308 3973 Among
320 3903 369 3958 the
380 3902 563 3974 withholding
575 3919 680 3967 causes,
692 3902 781 3974 ought
795 3908 827 3958 ιο
837 3901 874 3957 bc
888 3908 949 3974 put,
963 3908 1014 3958 not
1026 3902 1093 3974 only
1107 3902 1156 3958 the
1171 3903 1238 3959 cha·

138 3993 232 4043 racter
243 3988 277 4043 of
294 3988 357 4042 that
370 3989 462 4043 which
476 3990 499 4045 is
514 3989 632 4060 directly
644 3988 725 4053 done,
742 3989 793 4043 but
808 3987 841 4043 of
852 3987 914 4043 that
928 3988 1019 4043 which
1031 3988 1087 4043 will
1100 3988 1238 4060 probably

137 4073 248 4130 follow:
268 4091 298 4129 ae
313 4075 343 4128 in
357 4076 462 4147 settiug
476 4075 527 4130 tire
541 4080 571 4129 to
586 4091 603 4128 a
616 4074 714 4139 house,
728 4090 761 4128 or
780 4073 917 4146 breaking
930 4074 1012 4129 down
1031 4090 1049 4128 a
1068 4073 1143 4138 dam,
1157 4079 1238 4145 great

139 4160 280 4232 calamity‚
295 4161 352 4214 and
367 4177 437 4215 ewen
452 4160 560 4225 deutha,
574 4176 623 4215 are
637 4166 668 4214 to
683 4159 720 4214 be
734 4159 837 4214 looked
850 4159 904 4215 for.

191 4252 209 4301 3
238 4247 280 4300 To
293 4245 342 4300 the
355 4247 484 4315 injustice
496 4245 586 4300 which
595 4262 636 4299 we
644 4251 697 4316 put
706 4261 737 4299 ae
748 4244 798 4299 the
808 4244 924 4316 general
934 4259 1026 4308 cause,
1035 4241 1115 4297 there
1124 4243 1148 4297 is
1157 4243 1238 4298 often

135 4330 229 4385 added
243 4347 321 4385 some
335 4331 418 4385 other
436 4331 505 4396 rico,
525 4347 556 4386 as
573 4331 690 4403 impiety
707 4330 828 4385 towards
849 4334 971 4401 parents,
997 4326 1175 4400 inhumanitp
1193 4338 1237 4383 to·

135 4416 225 4470 warde
234 4414 413 4486 neighbours,
424 4416 596 4487 ingratitudo
606 4415 727 4472 towards
735 4414 929 4479 benefactore:
939 4412 1030 4469 which
1039 4413 1178 4471 increases
1186 4413 1238 4471 the
