<?xml version="1.0" encoding="UTF-8"?>
<!DOCTYPE html PUBLIC "-//W3C//DTD XHTML 1.0 Transitional//EN"
    "http://www.w3.org/TR/xhtml1/DTD/xhtml1-transitional.dtd">
<html xmlns="http://www.w3.org/1999/xhtml" xml:lang="en" lang="en">
 <head>
  <title>
</title>
<meta http-equiv="Content-Type" content="text/html;charset=utf-8" />
  <meta name='ocr-system' content='tesseract 3.04.00' />
  <meta name='ocr-capabilities' content='ocr_page ocr_carea ocr_par ocr_line ocrx_word'/>
</head>
<body>
  <div class='ocr_page' id='page_1' title='image "./hugonisgrotiide03barbgoog_0383.png"; bbox 0 0 2834 4920; ppageno 0'>
   <div class='ocr_carea' id='block_1_1' title="bbox 82 238 1183 313">
    <p class='ocr_par' dir='ltr' id='par_1_1' title="bbox 82 238 1183 313">
     <span class='ocr_line' id='line_1_1' title="bbox 82 238 1183 313; baseline -0.002 -9"><span class='ocrx_word' id='word_1_1' title='bbox 82 251 150 305; x_wconf 71' lang='lat' dir='ltr'><strong>(tur.</strong></span> <span class='ocrx_word' id='word_1_2' title='bbox 164 243 261 313; x_wconf 74' lang='lat' dir='ltr'><strong>m]</strong></span> <span class='ocrx_word' id='word_1_3' title='bbox 300 246 352 301; x_wconf 81' lang='lat' dir='ltr'><strong>DE</strong></span> <span class='ocrx_word' id='word_1_4' title='bbox 374 243 580 301; x_wconf 77' lang='lat' dir='ltr'>POENARUM</span> <span class='ocrx_word' id='word_1_5' title='bbox 602 244 965 305; x_wconf 76' lang='lat' dir='ltr'><strong>coustuulott&#39;louu.</strong></span> <span class='ocrx_word' id='word_1_6' title='bbox 1118 238 1183 303; x_wconf 84' lang='lat'><strong>363</strong></span> 
     </span>
    </p>
   </div>
   <div class='ocr_carea' id='block_1_2' title="bbox 82 406 1275 1985">
    <p class='ocr_par' dir='ltr' id='par_1_2' title="bbox 83 406 1275 1491">
     <span class='ocr_line' id='line_1_2' title="bbox 85 406 1183 496; baseline 0.003 -21"><span class='ocrx_word' id='word_1_7' title='bbox 85 409 164 476; x_wconf 88' lang='lat' dir='ltr'><strong>sium</strong></span> <span class='ocrx_word' id='word_1_8' title='bbox 182 407 326 496; x_wconf 91' lang='lat' dir='ltr'><strong>querelas</strong></span> <span class='ocrx_word' id='word_1_9' title='bbox 341 408 381 473; x_wconf 94' lang='lat' dir='ltr'><strong>de</strong></span> <span class='ocrx_word' id='word_1_10' title='bbox 396 407 517 473; x_wconf 85' lang='lat' dir='ltr'><strong>damnis</strong></span> <span class='ocrx_word' id='word_1_11' title='bbox 531 406 624 472; x_wconf 83' lang='lat' dir='ltr'><strong>illatis</strong></span> <span class='ocrx_word' id='word_1_12' title='bbox 640 409 810 495; x_wconf 88' lang='lat' dir='ltr'><strong>respondit,</strong></span> <span class='ocrx_word' id='word_1_13' title='bbox 825 411 896 496; x_wconf 93' lang='lat' dir='ltr'><strong>plus</strong></span> <span class='ocrx_word' id='word_1_14' title='bbox 913 411 988 476; x_wconf 91' lang='lat' dir='ltr'><strong>msli</strong></span> <span class='ocrx_word' id='word_1_15' title='bbox 1006 410 1124 478; x_wconf 89' lang='lat' dir='ltr'><strong>Siculos</strong></span> <span class='ocrx_word' id='word_1_16' title='bbox 1141 412 1183 479; x_wconf 86' lang='lat' dir='ltr'><strong>ab</strong></span> 
     </span>
     <span class='ocr_line' id='line_1_3' title="bbox 84 506 1182 598; baseline 0.002 -23"><span class='ocrx_word' id='word_1_17' title='bbox 84 510 192 598; x_wconf 82' lang='lat' dir='ltr'><strong>Ulyxe</strong></span> <span class='ocrx_word' id='word_1_18' title='bbox 216 509 289 575; x_wconf 92' lang='lat' dir='ltr'><strong>olim</strong></span> <span class='ocrx_word' id='word_1_19' title='bbox 312 506 485 594; x_wconf 81' lang='lat' dir='ltr'><strong>pertulisse.</strong></span> <span class='ocrx_word' id='word_1_20' title='bbox 537 507 581 572; x_wconf 87' lang='lat' dir='ltr'><strong>Et</strong></span> <span class='ocrx_word' id='word_1_21' title='bbox 604 507 791 574; x_wconf 76' lang='lat' dir='ltr'><strong>Plutarchus</strong></span> <span class='ocrx_word' id='word_1_22' title='bbox 811 510 891 576; x_wconf 90' lang='lat' dir='ltr'><strong>libro</strong></span> <span class='ocrx_word' id='word_1_23' title='bbox 915 519 1024 576; x_wconf 84' lang='lat' dir='ltr'><strong>contra</strong></span> <span class='ocrx_word' id='word_1_24' title='bbox 1039 512 1182 577; x_wconf 87' lang='lat' dir='ltr'><strong>Herodo-</strong></span> 
     </span>
     <span class='ocr_line' id='line_1_4' title="bbox 84 604 1275 690; baseline 0.004 -15"><span class='ocrx_word' id='word_1_25' title='bbox 84 617 160 690; x_wconf 90' lang='lat' dir='ltr'><strong>tum,</strong></span> <span class='ocrx_word' id='word_1_26' title='bbox 178 608 304 673; x_wconf 90' lang='lat' dir='ltr'><strong>minime</strong></span> <span class='ocrx_word' id='word_1_27' title='bbox 329 604 374 671; x_wconf 89' lang='lat' dir='ltr'><strong>sit</strong></span> <span class='ocrx_word' id='word_1_28' title='bbox 393 626 469 671; x_wconf 83' lang='lat' dir='ltr'><strong>vero</strong></span> <span class='ocrx_word' id='word_1_29' title='bbox 494 627 561 671; x_wconf 89' lang='lat' dir='ltr'><strong>esse</strong></span> <span class='ocrx_word' id='word_1_30' title='bbox 583 605 692 685; x_wconf 89' lang='lat' dir='ltr'><strong>simile,</strong></span> <span class='ocrx_word' id='word_1_31' title='bbox 717 607 896 675; x_wconf 82' lang='lat' dir='ltr'><strong>Corinthios</strong></span> <span class='ocrx_word' id='word_1_32' title='bbox 920 609 1025 675; x_wconf 88' lang='lat' dir='ltr'><strong>ulcisci</strong></span> <span class='ocrx_word' id='word_1_33' title='bbox 1048 610 1182 677; x_wconf 87' lang='lat' dir='ltr'><strong>voluisse</strong></span> <span class='ocrx_word' id='word_1_34' title='bbox 1196 630 1275 680; x_wconf 67' lang='lat' dir='ltr'><strong>usu</strong></span> 
     </span>
     <span class='ocr_line' id='line_1_5' title="bbox 83 703 1183 800; baseline 0.004 -28"><span class='ocrx_word' id='word_1_35' title='bbox 83 716 241 794; x_wconf 74' lang='lat' dir='ltr'>acceptam</span> <span class='ocrx_word' id='word_1_36' title='bbox 266 728 287 771; x_wconf 78' lang='lat' dir='ltr'><strong>a</strong></span> <span class='ocrx_word' id='word_1_37' title='bbox 315 704 428 770; x_wconf 78' lang='lat' dir='ltr'><strong>Samiis</strong></span> <span class='ocrx_word' id='word_1_38' title='bbox 450 703 594 791; x_wconf 75' lang='lat' dir='ltr'><strong>injuriam</strong></span> <span class='ocrx_word' id='word_1_39' title='bbox 620 703 710 784; x_wconf 67' lang='grc' dir='ltr'><strong>μετὰ</strong></span> <span class='ocrx_word' id='word_1_40' title='bbox 737 709 830 800; x_wconf 74' lang='grc' dir='ltr'>τρεῖς</span> <span class='ocrx_word' id='word_1_41' title='bbox 857 705 984 797; x_wconf 55' lang='lat' dir='ltr'><strong>peveris,</strong></span> <span class='ocrx_word' id='word_1_42' title='bbox 1010 721 1087 795; x_wconf 76' lang='lat' dir='ltr'><strong>post</strong></span> <span class='ocrx_word' id='word_1_43' title='bbox 1118 722 1183 776; x_wconf 77' lang='lat' dir='ltr'><strong>tres</strong></span> 
     </span>
     <span class='ocr_line' id='line_1_6' title="bbox 83 804 1183 893; baseline 0.002 -20"><span class='ocrx_word' id='word_1_44' title='bbox 83 810 249 873; x_wconf 75' lang='grc' dir='ltr'>Ιιοηιὶηιιιη</span> <span class='ocrx_word' id='word_1_45' title='bbox 271 817 391 872; x_wconf 82' lang='lat' dir='ltr'><strong>aetotes.</strong></span> <span class='ocrx_word' id='word_1_46' title='bbox 438 804 506 869; x_wconf 90' lang='lat' dir='ltr'><strong>Nec</strong></span> <span class='ocrx_word' id='word_1_47' title='bbox 527 804 668 890; x_wconf 81' lang='lat' dir='ltr'><strong>procedit</strong></span> <span class='ocrx_word' id='word_1_48' title='bbox 690 806 783 893; x_wconf 87' lang='lat' dir='ltr'><strong>hujus</strong></span> <span class='ocrx_word' id='word_1_49' title='bbox 805 817 838 874; x_wconf 89' lang='lat' dir='ltr'><strong>et</strong></span> <span class='ocrx_word' id='word_1_50' title='bbox 860 808 1003 874; x_wconf 78' lang='lat' dir='ltr'>similium</span> <span class='ocrx_word' id='word_1_51' title='bbox 1020 809 1183 875; x_wconf 74' lang='lat' dir='ltr'><strong>laetorum</strong></span> 
     </span>
     <span class='ocr_line' id='line_1_7' title="bbox 84 902 1183 995; baseline 0.007 -26"><span class='ocrx_word' id='word_1_52' title='bbox 84 904 232 980; x_wconf 79' lang='lat' dir='ltr'>defensio,</span> <span class='ocrx_word' id='word_1_53' title='bbox 250 924 342 989; x_wconf 85' lang='lat' dir='ltr'><strong>quam</strong></span> <span class='ocrx_word' id='word_1_54' title='bbox 363 902 448 990; x_wconf 85' lang='lat' dir='ltr'><strong>apud</strong></span> <span class='ocrx_word' id='word_1_55' title='bbox 465 902 665 970; x_wconf 75' lang='lat' dir='ltr'><strong>Plutarchum</strong></span> <span class='ocrx_word' id='word_1_56' title='bbox 687 905 793 995; x_wconf 81' lang='lat' dir='ltr'><strong>legere</strong></span> <span class='ocrx_word' id='word_1_57' title='bbox 815 916 862 974; x_wconf 88' lang='lat' dir='ltr'><strong>ost</strong></span> <span class='ocrx_word' id='word_1_58' title='bbox 878 910 931 975; x_wconf 86' lang='lat' dir='ltr'><strong>De</strong></span> <span class='ocrx_word' id='word_1_59' title='bbox 947 931 1022 976; x_wconf 83' lang='lat' dir='ltr'><strong>sera</strong></span> <span class='ocrx_word' id='word_1_60' title='bbox 1038 911 1183 977; x_wconf 78' lang='lat' dir='ltr'><strong>cuminis</strong></span> 
     </span>
     <span class='ocr_line' id='line_1_8' title="bbox 83 1001 1181 1089; baseline 0.004 -19"><span class='ocrx_word' id='word_1_61' title='bbox 83 1005 243 1071; x_wconf 76' lang='lat' dir='ltr'><strong>vindicta.</strong></span> <span class='ocrx_word' id='word_1_62' title='bbox 287 1002 379 1068; x_wconf 84' lang='lat' dir='ltr'><strong>Aliud</strong></span> <span class='ocrx_word' id='word_1_63' title='bbox 404 1001 486 1066; x_wconf 91' lang='lat' dir='ltr'><strong>enim</strong></span> <span class='ocrx_word' id='word_1_64' title='bbox 511 1010 559 1068; x_wconf 86' lang='lat' dir='ltr'><strong>est</strong></span> <span class='ocrx_word' id='word_1_65' title='bbox 578 1002 631 1089; x_wconf 87' lang='lat' dir='ltr'><strong>jus</strong></span> <span class='ocrx_word' id='word_1_66' title='bbox 652 1002 723 1084; x_wconf 87' lang='lat' dir='ltr'><strong>Dei,</strong></span> <span class='ocrx_word' id='word_1_67' title='bbox 744 1006 829 1073; x_wconf 89' lang='lat' dir='ltr'><strong>aliud</strong></span> <span class='ocrx_word' id='word_1_68' title='bbox 853 1007 1021 1084; x_wconf 87' lang='lat' dir='ltr'><strong>hominum,</strong></span> <span class='ocrx_word' id='word_1_69' title='bbox 1049 1016 1086 1073; x_wconf 88' lang='lat' dir='ltr'><strong>ut</strong></span> <span class='ocrx_word' id='word_1_70' title='bbox 1108 1029 1181 1074; x_wconf 84' lang='lat' dir='ltr'><strong>mox</strong></span> 
     </span>
     <span class='ocr_line' id='line_1_9' title="bbox 83 1101 1182 1194; baseline 0.006 -27"><span class='ocrx_word' id='word_1_71' title='bbox 83 1101 223 1188; x_wconf 76' lang='lat' dir='ltr'><strong>apertius</strong></span> <span class='ocrx_word' id='word_1_72' title='bbox 254 1101 317 1167; x_wconf 86' lang='lat' dir='ltr'><strong>fiet</strong></span> <span class='ocrx_word' id='word_1_73' title='bbox 364 1101 477 1186; x_wconf 81' lang='lat' dir='ltr'><strong>Neque</strong></span> <span class='ocrx_word' id='word_1_74' title='bbox 509 1101 536 1166; x_wconf 86' lang='lat' dir='ltr'><strong>si</strong></span> <span class='ocrx_word' id='word_1_75' title='bbox 570 1123 693 1188; x_wconf 90' lang='lat' dir='ltr'><strong>sequum</strong></span> <span class='ocrx_word' id='word_1_76' title='bbox 731 1114 779 1172; x_wconf 90' lang='lat' dir='ltr'><strong>est</strong></span> <span class='ocrx_word' id='word_1_77' title='bbox 811 1116 952 1194; x_wconf 86' lang='lat' dir='ltr'><strong>posteros</strong></span> <span class='ocrx_word' id='word_1_78' title='bbox 984 1109 1119 1174; x_wconf 81' lang='lat' dir='ltr'><strong>honores</strong></span> <span class='ocrx_word' id='word_1_79' title='bbox 1148 1115 1182 1174; x_wconf 86' lang='lat' dir='ltr'><strong>et</strong></span> 
     </span>
     <span class='ocr_line' id='line_1_10' title="bbox 83 1200 1180 1294; baseline 0.007 -29"><span class='ocrx_word' id='word_1_80' title='bbox 83 1201 214 1288; x_wconf 89' lang='lat' dir='ltr'><strong>praemis</strong></span> <span class='ocrx_word' id='word_1_81' title='bbox 238 1201 378 1286; x_wconf 83' lang='lat' dir='ltr'><strong>accipere</strong></span> <span class='ocrx_word' id='word_1_82' title='bbox 400 1200 441 1266; x_wconf 93' lang='lat' dir='ltr'><strong>ob</strong></span> <span class='ocrx_word' id='word_1_83' title='bbox 466 1200 577 1266; x_wconf 86' lang='lat' dir='ltr'><strong>merita</strong></span> <span class='ocrx_word' id='word_1_84' title='bbox 599 1202 760 1289; x_wconf 85' lang='lat' dir='ltr'><strong>majorum,</strong></span> <span class='ocrx_word' id='word_1_85' title='bbox 785 1205 856 1272; x_wconf 87' lang='lat' dir='ltr'><strong>ideo</strong></span> <span class='ocrx_word' id='word_1_86' title='bbox 878 1215 912 1273; x_wconf 90' lang='lat' dir='ltr'><strong>et</strong></span> <span class='ocrx_word' id='word_1_87' title='bbox 934 1207 1038 1294; x_wconf 84' lang='lat' dir='ltr'><strong>puniri</strong></span> <span class='ocrx_word' id='word_1_88' title='bbox 1062 1228 1117 1273; x_wconf 88' lang='lat' dir='ltr'><strong>eos</strong></span> <span class='ocrx_word' id='word_1_89' title='bbox 1140 1207 1180 1273; x_wconf 93' lang='lat' dir='ltr'><strong>ob</strong></span> 
     </span>
     <span class='ocr_line' id='line_1_11' title="bbox 84 1301 1179 1387; baseline 0.003 -19"><span class='ocrx_word' id='word_1_90' title='bbox 84 1322 192 1368; x_wconf 86' lang='lat' dir='ltr'><strong>eorum</strong></span> <span class='ocrx_word' id='word_1_91' title='bbox 215 1308 342 1386; x_wconf 89' lang='lat' dir='ltr'><strong>peccata</strong></span> <span class='ocrx_word' id='word_1_92' title='bbox 363 1321 485 1384; x_wconf 76' lang='lat' dir='ltr'><strong>acquum</strong></span> <span class='ocrx_word' id='word_1_93' title='bbox 510 1308 567 1366; x_wconf 83' lang='lat' dir='ltr'><strong>est</strong></span> <span class='ocrx_word' id='word_1_94' title='bbox 619 1301 766 1369; x_wconf 87' lang='lat' dir='ltr'><strong>Beneficii</strong></span> <span class='ocrx_word' id='word_1_95' title='bbox 787 1305 868 1370; x_wconf 91' lang='lat' dir='ltr'><strong>enim</strong></span> <span class='ocrx_word' id='word_1_96' title='bbox 885 1305 957 1372; x_wconf 90' lang='lat' dir='ltr'><strong>tslis</strong></span> <span class='ocrx_word' id='word_1_97' title='bbox 973 1314 1022 1372; x_wconf 90' lang='lat' dir='ltr'><strong>est</strong></span> <span class='ocrx_word' id='word_1_98' title='bbox 1037 1305 1179 1387; x_wconf 85' lang='lat' dir='ltr'><strong>materia,</strong></span> 
     </span>
     <span class='ocr_line' id='line_1_12' title="bbox 83 1397 1125 1491; baseline 0.004 -27"><span class='ocrx_word' id='word_1_99' title='bbox 83 1407 120 1465; x_wconf 92' lang='lat' dir='ltr'><strong>ut</strong></span> <span class='ocrx_word' id='word_1_100' title='bbox 136 1399 168 1463; x_wconf 90' lang='lat' dir='ltr'><strong>iu</strong></span> <span class='ocrx_word' id='word_1_101' title='bbox 187 1397 325 1485; x_wconf 87' lang='lat' dir='ltr'><strong>quemvis</strong></span> <span class='ocrx_word' id='word_1_102' title='bbox 342 1399 477 1463; x_wconf 80' lang='lat' dir='ltr'><strong>conferri</strong></span> <span class='ocrx_word' id='word_1_103' title='bbox 494 1398 559 1463; x_wconf 89' lang='lat' dir='ltr'><strong>sine</strong></span> <span class='ocrx_word' id='word_1_104' title='bbox 575 1398 689 1486; x_wconf 88' lang='lat' dir='ltr'><strong>injuria</strong></span> <span class='ocrx_word' id='word_1_105' title='bbox 705 1402 802 1489; x_wconf 84' lang='lat' dir='ltr'><strong>possit</strong></span> <span class='ocrx_word' id='word_1_106' title='bbox 811 1427 821 1481; x_wconf 91' lang='lat'>;</span> <span class='ocrx_word' id='word_1_107' title='bbox 846 1426 946 1491; x_wconf 82' lang='lat' dir='ltr'><strong>poenae</strong></span> <span class='ocrx_word' id='word_1_108' title='bbox 962 1426 1025 1469; x_wconf 92' lang='lat' dir='ltr'><strong>non</strong></span> <span class='ocrx_word' id='word_1_109' title='bbox 1040 1404 1125 1471; x_wconf 89' lang='lat' dir='ltr'><strong>item.</strong></span> 
     </span>
    </p>

    <p class='ocr_par' dir='ltr' id='par_1_3' title="bbox 82 1497 1182 1985">
     <span class='ocr_line' id='line_1_13' title="bbox 160 1497 1182 1591; baseline 0.007 -28"><span class='ocrx_word' id='word_1_110' title='bbox 160 1499 218 1564; x_wconf 82' lang='lat' dir='ltr'><strong>IX.</strong></span> <span class='ocrx_word' id='word_1_111' title='bbox 268 1497 412 1564; x_wconf 81' lang='lat' dir='ltr'><strong>Diximus</strong></span> <span class='ocrx_word' id='word_1_112' title='bbox 429 1497 469 1563; x_wconf 92' lang='lat' dir='ltr'><strong>de</strong></span> <span class='ocrx_word' id='word_1_113' title='bbox 486 1497 585 1564; x_wconf 90' lang='lat' dir='ltr'><strong>modis</strong></span> <span class='ocrx_word' id='word_1_114' title='bbox 601 1521 660 1586; x_wconf 89' lang='lat' dir='ltr'><strong>per</strong></span> <span class='ocrx_word' id='word_1_115' title='bbox 676 1521 754 1586; x_wconf 88' lang='lat' dir='ltr'><strong>quos</strong></span> <span class='ocrx_word' id='word_1_116' title='bbox 770 1504 973 1570; x_wconf 88' lang='lat' dir='ltr'><strong>communitas</strong></span> <span class='ocrx_word' id='word_1_117' title='bbox 989 1525 1090 1591; x_wconf 74' lang='lat' dir='ltr'><strong>poena</strong></span> <span class='ocrx_word' id='word_1_118' title='bbox 1102 1503 1182 1571; x_wconf 85' lang='lat' dir='ltr'><strong>acci·</strong></span> 
     </span>
     <span class='ocr_line' id='line_1_14' title="bbox 84 1595 1182 1690; baseline 0.006 -27"><span class='ocrx_word' id='word_1_119' title='bbox 84 1596 131 1663; x_wconf 87' lang='lat' dir='ltr'><strong>dit</strong></span> <span class='ocrx_word' id='word_1_120' title='bbox 155 1618 195 1662; x_wconf 85' lang='lat' dir='ltr'><strong>ex</strong></span> <span class='ocrx_word' id='word_1_121' title='bbox 221 1597 320 1683; x_wconf 84' lang='lat' dir='ltr'><strong>culpes</strong></span> <span class='ocrx_word' id='word_1_122' title='bbox 347 1595 575 1662; x_wconf 85' lang='lat' dir='ltr'><strong>communitate.</strong></span> <span class='ocrx_word' id='word_1_123' title='bbox 626 1600 739 1669; x_wconf 84' lang='lat' dir='ltr'><strong>Restat</strong></span> <span class='ocrx_word' id='word_1_124' title='bbox 760 1610 934 1688; x_wconf 75' lang='lat' dir='ltr'><strong>spectemus</strong></span> <span class='ocrx_word' id='word_1_125' title='bbox 957 1624 999 1669; x_wconf 89' lang='lat' dir='ltr'><strong>an</strong></span> <span class='ocrx_word' id='word_1_126' title='bbox 1023 1612 1066 1680; x_wconf 88' lang='lat' dir='ltr'><strong>et,</strong></span> <span class='ocrx_word' id='word_1_127' title='bbox 1090 1604 1182 1690; x_wconf 84' lang='lat' dir='ltr'><strong>culpe</strong></span> 
     </span>
     <span class='ocr_line' id='line_1_15' title="bbox 82 1695 1181 1786; baseline 0.006 -23"><span class='ocrx_word' id='word_1_128' title='bbox 82 1718 145 1763; x_wconf 89' lang='lat' dir='ltr'><strong>non</strong></span> <span class='ocrx_word' id='word_1_129' title='bbox 163 1695 396 1775; x_wconf 81' lang='lat' dir='ltr'><strong>communicata,</strong></span> <span class='ocrx_word' id='word_1_130' title='bbox 414 1696 658 1777; x_wconf 84' lang='lat' dir='ltr'><strong>communicetur</strong></span> <span class='ocrx_word' id='word_1_131' title='bbox 674 1721 784 1786; x_wconf 69' lang='lat' dir='ltr'><strong>piena:</strong></span> <span class='ocrx_word' id='word_1_132' title='bbox 809 1721 880 1786; x_wconf 83' lang='lat' dir='ltr'><strong>quae</strong></span> <span class='ocrx_word' id='word_1_133' title='bbox 897 1724 949 1768; x_wconf 88' lang='lat' dir='ltr'><strong>res</strong></span> <span class='ocrx_word' id='word_1_134' title='bbox 970 1711 1007 1768; x_wconf 87' lang='lat' dir='ltr'><strong>ut</strong></span> <span class='ocrx_word' id='word_1_135' title='bbox 1027 1711 1114 1769; x_wconf 84' lang='lat' dir='ltr'><strong>recte</strong></span> <span class='ocrx_word' id='word_1_136' title='bbox 1134 1703 1181 1769; x_wconf 84' lang='lat' dir='ltr'><strong>in·</strong></span> 
     </span>
     <span class='ocr_line' id='line_1_16' title="bbox 83 1795 1182 1883; baseline 0.007 -22"><span class='ocrx_word' id='word_1_137' title='bbox 83 1796 255 1883; x_wconf 87' lang='lat' dir='ltr'><strong>telligatur,</strong></span> <span class='ocrx_word' id='word_1_138' title='bbox 272 1804 305 1862; x_wconf 88' lang='lat' dir='ltr'><strong>ct</strong></span> <span class='ocrx_word' id='word_1_139' title='bbox 321 1818 370 1872; x_wconf 90' lang='lat' dir='ltr'><strong>ue,</strong></span> <span class='ocrx_word' id='word_1_140' title='bbox 390 1816 461 1882; x_wconf 79' lang='lat' dir='ltr'><strong>qua</strong></span> <span class='ocrx_word' id='word_1_141' title='bbox 477 1795 596 1882; x_wconf 88' lang='lat' dir='ltr'><strong>reipsa</strong></span> <span class='ocrx_word' id='word_1_142' title='bbox 613 1797 737 1864; x_wconf 79' lang='lat' dir='ltr'><strong>divema</strong></span> <span class='ocrx_word' id='word_1_143' title='bbox 753 1809 835 1878; x_wconf 79' lang='lat' dir='ltr'><strong>sunt,</strong></span> <span class='ocrx_word' id='word_1_144' title='bbox 852 1802 892 1869; x_wconf 92' lang='lat' dir='ltr'><strong>oh</strong></span> <span class='ocrx_word' id='word_1_145' title='bbox 910 1823 1019 1869; x_wconf 82' lang='lat' dir='ltr'><strong>vocum</strong></span> <span class='ocrx_word' id='word_1_146' title='bbox 1041 1801 1182 1869; x_wconf 88' lang='lat' dir='ltr'><strong>similitu·</strong></span> 
     </span>
     <span class='ocr_line' id='line_1_17' title="bbox 86 1894 882 1985; baseline 0.006 -23"><span class='ocrx_word' id='word_1_147' title='bbox 86 1894 190 1962; x_wconf 90' lang='lat' dir='ltr'><strong>dinem</strong></span> <span class='ocrx_word' id='word_1_148' title='bbox 208 1895 447 1976; x_wconf 83' lang='lat' dir='ltr'><strong>confundantur,</strong></span> <span class='ocrx_word' id='word_1_149' title='bbox 464 1897 619 1962; x_wconf 86' lang='lat' dir='ltr'><strong>monenda</strong></span> <span class='ocrx_word' id='word_1_150' title='bbox 636 1908 708 1964; x_wconf 93' lang='lat' dir='ltr'><strong>sunt</strong></span> <span class='ocrx_word' id='word_1_151' title='bbox 729 1900 882 1985; x_wconf 68' lang='lat' dir='ltr'><strong>quiedam.</strong></span> 
     </span>
    </p>
   </div>
   <div class='ocr_carea' id='block_1_3' title="bbox 161 1994 1221 2101">
    <p class='ocr_par' dir='ltr' id='par_1_4' title="bbox 161 1994 1221 2101">
     <span class='ocr_line' id='line_1_18' title="bbox 161 1994 1221 2101; baseline 0.007 -41"><span class='ocrx_word' id='word_1_152' title='bbox 161 1995 201 2060; x_wconf 88' lang='lat' dir='ltr'><strong>X.</strong></span> <span class='ocrx_word' id='word_1_153' title='bbox 251 1998 270 2060; x_wconf 94' lang='lat'>1</span> <span class='ocrx_word' id='word_1_154' title='bbox 305 1994 455 2071; x_wconf 89' lang='lat' dir='ltr'><strong>Primum,</strong></span> <span class='ocrx_word' id='word_1_155' title='bbox 472 1994 640 2064; x_wconf 84' lang='lat' dir='ltr'><strong>aliudesse</strong></span> <span class='ocrx_word' id='word_1_156' title='bbox 657 1997 803 2066; x_wconf 84' lang='lat' dir='ltr'><strong>damnum</strong></span> <span class='ocrx_word' id='word_1_157' title='bbox 820 2000 938 2068; x_wconf 88' lang='lat' dir='ltr'><strong>directe</strong></span> <span class='ocrx_word' id='word_1_158' title='bbox 958 2000 1076 2079; x_wconf 87' lang='lat' dir='ltr'><strong>dutum,</strong></span> <span class='ocrx_word' id='word_1_159' title='bbox 1097 1998 1183 2068; x_wconf 88' lang='lat' dir='ltr'><strong>aliud</strong></span> <span class='ocrx_word' id='word_1_160' title='bbox 1217 2094 1221 2101; x_wconf 17' lang='grc' dir='ltr'>ι</span> 
     </span>
    </p>
   </div>
   <div class='ocr_carea' id='block_1_4' title="bbox 74 2170 1185 2830">
    <p class='ocr_par' dir='ltr' id='par_1_5' title="bbox 74 2170 1185 2830">
     <span class='ocr_line' id='line_1_19' title="bbox 80 2170 1184 2235; baseline 0.01 -19"><span class='ocrx_word' id='word_1_161' title='bbox 80 2174 178 2227; x_wconf 63' lang='lat' dir='ltr'><strong>maur,</strong></span> <span class='ocrx_word' id='word_1_162' title='bbox 200 2170 247 2216; x_wconf 83' lang='lat' dir='ltr'><strong>toli</strong></span> <span class='ocrx_word' id='word_1_163' title='bbox 265 2184 295 2216; x_wconf 74' lang='lat' dir='ltr'><strong>es</strong></span> <span class='ocrx_word' id='word_1_164' title='bbox 313 2184 388 2218; x_wconf 75' lang='lat' dir='ltr'><strong>ccmo</strong></span> <span class='ocrx_word' id='word_1_165' title='bbox 405 2173 502 2232; x_wconf 68' lang='lat' dir='ltr'><strong>qutun,</strong></span> <span class='ocrx_word' id='word_1_166' title='bbox 524 2184 571 2218; x_wconf 80' lang='lat' dir='ltr'><strong>aon</strong></span> <span class='ocrx_word' id='word_1_167' title='bbox 592 2186 610 2219; x_wconf 82' lang='lat' dir='ltr'><strong>a</strong></span> <span class='ocrx_word' id='word_1_168' title='bbox 658 2175 771 2235; x_wconf 72' lang='lat' dir='ltr'><strong>stantius)</strong></span> <span class='ocrx_word' id='word_1_169' title='bbox 785 2176 863 2224; x_wconf 75' lang='lat' dir='ltr'><strong>obsita</strong></span> <span class='ocrx_word' id='word_1_170' title='bbox 877 2179 1104 2226; x_wconf 66' lang='grc' dir='ltr'>υειιυιαιισίιιιίιια</span> <span class='ocrx_word' id='word_1_171' title='bbox 1123 2177 1184 2225; x_wconf 79' lang='lat' dir='ltr'><strong>seris</strong></span> 
     </span>
     <span class='ocr_line' id='line_1_20' title="bbox 84 2244 1183 2315; baseline 0.008 -24"><span class='ocrx_word' id='word_1_172' title='bbox 84 2244 177 2291; x_wconf 82' lang='lat' dir='ltr'><strong>Groects</strong></span> <span class='ocrx_word' id='word_1_173' title='bbox 186 2245 212 2290; x_wconf 79' lang='lat' dir='ltr'><strong>ia</strong></span> <span class='ocrx_word' id='word_1_174' title='bbox 225 2244 348 2302; x_wconf 75' lang='lat' dir='ltr'><strong>Trtv&#39;aaos,</strong></span> <span class='ocrx_word' id='word_1_175' title='bbox 357 2259 404 2290; x_wconf 78' lang='lat' dir='ltr'><strong>noa</strong></span> <span class='ocrx_word' id='word_1_176' title='bbox 413 2260 430 2291; x_wconf 83' lang='lat' dir='ltr'><strong>a</strong></span> <span class='ocrx_word' id='word_1_177' title='bbox 438 2244 610 2315; x_wconf 73' lang='lat' dir='ltr'><strong>Macedonibus</strong></span> <span class='ocrx_word' id='word_1_178' title='bbox 654 2250 740 2308; x_wconf 70' lang='lat' dir='ltr'><strong>pene,</strong></span> <span class='ocrx_word' id='word_1_179' title='bbox 751 2252 822 2297; x_wconf 81' lang='lat' dir='ltr'><strong>etiam</strong></span> <span class='ocrx_word' id='word_1_180' title='bbox 832 2252 929 2310; x_wconf 70' lang='lat' dir='ltr'><strong>infitior</strong></span> <span class='ocrx_word' id='word_1_181' title='bbox 939 2258 982 2298; x_wconf 76' lang='lat' dir='ltr'><strong>citt</strong></span> <span class='ocrx_word' id='word_1_182' title='bbox 992 2258 1092 2312; x_wconf 74' lang='lat' dir='ltr'><strong>nepotes,</strong></span> <span class='ocrx_word' id='word_1_183' title='bbox 1100 2265 1183 2312; x_wconf 80' lang='lat' dir='ltr'><strong>perte·</strong></span> 
     </span>
     <span class='ocr_line' id='line_1_21' title="bbox 81 2318 1183 2388; baseline 0.01 -24"><span class='ocrx_word' id='word_1_184' title='bbox 81 2318 107 2364; x_wconf 80' lang='lat' dir='ltr'><strong>ia</strong></span> <span class='ocrx_word' id='word_1_185' title='bbox 118 2318 535 2378; x_wconf 76' lang='lat' dir='ltr'><strong>Perccs‚oslpuero1iqucct.·m</strong></span> <span class='ocrx_word' id='word_1_186' title='bbox 549 2321 610 2369; x_wconf 74' lang='lat' dir='ltr'><strong>caius</strong></span> <span class='ocrx_word' id='word_1_187' title='bbox 658 2327 789 2386; x_wconf 64' lang='lat' dir='ltr'><strong>qumans-,-</strong></span> <span class='ocrx_word' id='word_1_188' title='bbox 809 2341 889 2373; x_wconf 82' lang='lat' dir='ltr'><strong>vsruss</strong></span> <span class='ocrx_word' id='word_1_189' title='bbox 905 2341 957 2373; x_wconf 71' lang='lat' dir='ltr'><strong>m</strong></span> <span class='ocrx_word' id='word_1_190' title='bbox 972 2327 1094 2387; x_wconf 68' lang='lat' dir='ltr'><strong>inpetebat</strong></span> <span class='ocrx_word' id='word_1_191' title='bbox 1114 2327 1142 2388; x_wconf 92' lang='lat' dir='ltr'><strong>(l.</strong></span> <span class='ocrx_word' id='word_1_192' title='bbox 1161 2341 1183 2376; x_wconf 86' lang='lat' dir='ltr'><strong>c.</strong></span> 
     </span>
     <span class='ocr_line' id='line_1_22' title="bbox 81 2393 1185 2462; baseline 0.011 -24"><span class='ocrx_word' id='word_1_193' title='bbox 81 2393 121 2439; x_wconf 81' lang='lat' dir='ltr'><strong>illi</strong></span> <span class='ocrx_word' id='word_1_194' title='bbox 130 2393 208 2439; x_wconf 77' lang='lat' dir='ltr'><strong>obsita</strong></span> <span class='ocrx_word' id='word_1_195' title='bbox 219 2398 331 2440; x_wconf 58' lang='lat' dir='ltr'><strong>uetustas</strong></span> <span class='ocrx_word' id='word_1_196' title='bbox 340 2394 442 2440; x_wconf 68' lang='lat' dir='ltr'><strong>crimina</strong></span> <span class='ocrx_word' id='word_1_197' title='bbox 453 2394 514 2440; x_wconf 78' lang='lat' dir='ltr'><strong>seris</strong></span> <span class='ocrx_word' id='word_1_198' title='bbox 525 2395 609 2453; x_wconf 66' lang='lat' dir='ltr'><strong>mis,</strong></span> <span class='ocrx_word' id='word_1_199' title='bbox 658 2401 835 2461; x_wconf 78' lang='lat' dir='ltr'><strong>Magnentinm)</strong></span> <span class='ocrx_word' id='word_1_200' title='bbox 849 2403 892 2462; x_wconf 79' lang='lat' dir='ltr'><strong>qui</strong></span> <span class='ocrx_word' id='word_1_201' title='bbox 901 2402 1005 2462; x_wconf 59' lang='lat' dir='ltr'><strong>poster&amp;</strong></span> <span class='ocrx_word' id='word_1_202' title='bbox 1016 2404 1120 2448; x_wconf 80' lang='lat' dir='ltr'><strong>uirorum</strong></span> <span class='ocrx_word' id='word_1_203' title='bbox 1130 2403 1185 2449; x_wconf 79' lang='lat' dir='ltr'><strong>beas</strong></span> 
     </span>
     <span class='ocr_line' id='line_1_23' title="bbox 81 2469 1185 2537; baseline 0.007 -20"><span class='ocrx_word' id='word_1_204' title='bbox 81 2483 110 2515; x_wconf 77' lang='lat' dir='ltr'><strong>ns</strong></span> <span class='ocrx_word' id='word_1_205' title='bbox 125 2470 151 2514; x_wconf 83' lang='lat' dir='ltr'><strong>in</strong></span> <span class='ocrx_word' id='word_1_206' title='bbox 160 2475 252 2529; x_wconf 77' lang='lat' dir='ltr'><strong>nepotes</strong></span> <span class='ocrx_word' id='word_1_207' title='bbox 261 2469 354 2529; x_wconf 65' lang='lat' dir='ltr'><strong>quidm</strong></span> <span class='ocrx_word' id='word_1_208' title='bbox 369 2473 412 2515; x_wconf 67' lang='lat' dir='ltr'><strong>aul</strong></span> <span class='ocrx_word' id='word_1_209' title='bbox 425 2469 519 2527; x_wconf 64' lang='lat' dir='ltr'><strong>liberm,</strong></span> <span class='ocrx_word' id='word_1_210' title='bbox 528 2484 610 2529; x_wconf 72' lang='lat' dir='ltr'><strong>pem·</strong></span> <span class='ocrx_word' id='word_1_211' title='bbox 657 2477 791 2523; x_wconf 73' lang='lat' dir='ltr'><strong>smitorum</strong></span> <span class='ocrx_word' id='word_1_212' title='bbox 798 2477 957 2537; x_wconf 78' lang='lat' dir='ltr'><strong>Imperlsmci</strong></span> <span class='ocrx_word' id='word_1_213' title='bbox 965 2478 1092 2537; x_wconf 83' lang='lat' dir='ltr'><strong>cripuerat.</strong></span> <span class='ocrx_word' id='word_1_214' title='bbox 1114 2479 1185 2525; x_wconf 86' lang='lat' dir='ltr'><strong>Unde</strong></span> 
     </span>
     <span class='ocr_line' id='line_1_24' title="bbox 81 2543 1185 2613; baseline 0.011 -24"><span class='ocrx_word' id='word_1_215' title='bbox 81 2543 219 2603; x_wconf 78' lang='lat' dir='ltr'><strong>qsedcntur,</strong></span> <span class='ocrx_word' id='word_1_216' title='bbox 234 2544 276 2590; x_wconf 82' lang='lat' dir='ltr'><strong>ssd</strong></span> <span class='ocrx_word' id='word_1_217' title='bbox 287 2543 343 2590; x_wconf 81' lang='lat' dir='ltr'><strong>illos</strong></span> <span class='ocrx_word' id='word_1_218' title='bbox 354 2543 500 2603; x_wconf 71' lang='lat' dir='ltr'><strong>impetebant,</strong></span> <span class='ocrx_word' id='word_1_219' title='bbox 516 2544 558 2604; x_wconf 64' lang='grc' dir='ltr'><strong>φᾶ</strong></span> <span class='ocrx_word' id='word_1_220' title='bbox 572 2545 608 2591; x_wconf 77' lang='lat' dir='ltr'><strong>vt&#39;-</strong></span> <span class='ocrx_word' id='word_1_221' title='bbox 657 2556 733 2613; x_wconf 80' lang='lat' dir='ltr'><strong>pstet,</strong></span> <span class='ocrx_word' id='word_1_222' title='bbox 741 2552 864 2599; x_wconf 72' lang='lat' dir='ltr'><strong>lulianum</strong></span> <span class='ocrx_word' id='word_1_223' title='bbox 873 2552 939 2600; x_wconf 84' lang='lat' dir='ltr'><strong>lundl</strong></span> <span class='ocrx_word' id='word_1_224' title='bbox 950 2553 1055 2599; x_wconf 86' lang='lat' dir='ltr'><strong>tribucre</strong></span> <span class='ocrx_word' id='word_1_225' title='bbox 1064 2553 1185 2608; x_wconf 72' lang='lat' dir='ltr'><strong>conemu-</strong></span> 
     </span>
     <span class='ocr_line' id='line_1_25' title="bbox 81 2618 1185 2687; baseline 0.008 -21"><span class='ocrx_word' id='word_1_226' title='bbox 81 2632 162 2664; x_wconf 78' lang='lat' dir='ltr'><strong>rortmt</strong></span> <span class='ocrx_word' id='word_1_227' title='bbox 176 2619 231 2665; x_wconf 76' lang='lat' dir='ltr'><strong>bene</strong></span> <span class='ocrx_word' id='word_1_228' title='bbox 244 2618 379 2665; x_wconf 67' lang='lat' dir='ltr'><strong>meritorum</strong></span> <span class='ocrx_word' id='word_1_229' title='bbox 388 2619 494 2679; x_wconf 64' lang='lat' dir='ltr'><strong>potierit</strong></span> <span class='ocrx_word' id='word_1_230' title='bbox 507 2619 555 2664; x_wconf 69' lang='lat' dir='ltr'><strong>vin</strong></span> <span class='ocrx_word' id='word_1_231' title='bbox 569 2618 608 2664; x_wconf 67' lang='lat' dir='ltr'><strong>ln·</strong></span> <span class='ocrx_word' id='word_1_232' title='bbox 657 2627 700 2684; x_wconf 85' lang='lat' dir='ltr'><strong>tio,</strong></span> <span class='ocrx_word' id='word_1_233' title='bbox 715 2627 780 2687; x_wconf 90' lang='lat' dir='ltr'><strong>quod</strong></span> <span class='ocrx_word' id='word_1_234' title='bbox 790 2640 838 2672; x_wconf 91' lang='lat' dir='ltr'><strong>non</strong></span> <span class='ocrx_word' id='word_1_235' title='bbox 850 2626 958 2674; x_wconf 80' lang='lat' dir='ltr'><strong>imitatus</strong></span> <span class='ocrx_word' id='word_1_236' title='bbox 971 2627 1003 2674; x_wconf 86' lang='lat' dir='ltr'><strong>sit</strong></span> <span class='ocrx_word' id='word_1_237' title='bbox 1012 2632 1104 2674; x_wconf 79' lang='lat' dir='ltr'><strong>veteres</strong></span> <span class='ocrx_word' id='word_1_238' title='bbox 1117 2628 1185 2675; x_wconf 77' lang='lat' dir='ltr'><strong>Gros-</strong></span> 
     </span>
     <span class='ocr_line' id='line_1_26' title="bbox 74 2694 1184 2762; baseline 0.008 -22"><span class='ocrx_word' id='word_1_239' title='bbox 74 2694 195 2755; x_wconf 81' lang='lat' dir='ltr'><strong>screbaat,</strong></span> <span class='ocrx_word' id='word_1_240' title='bbox 211 2709 286 2755; x_wconf 75' lang='lat' dir='ltr'><strong>repas</strong></span> <span class='ocrx_word' id='word_1_241' title='bbox 301 2696 477 2756; x_wconf 60' lang='lat' dir='ltr'><strong>mnaseas.</strong></span> <span class='ocrx_word' id='word_1_242' title='bbox 515 2694 608 2757; x_wconf 80' lang='lat' dir='ltr'><strong>[Locus</strong></span> <span class='ocrx_word' id='word_1_243' title='bbox 657 2715 706 2760; x_wconf 80' lang='lat' dir='ltr'><strong>ecs,</strong></span> <span class='ocrx_word' id='word_1_244' title='bbox 729 2705 773 2748; x_wconf 85' lang='lat' dir='ltr'><strong>snt</strong></span> <span class='ocrx_word' id='word_1_245' title='bbox 797 2701 977 2750; x_wconf 74' lang='lat' dir='ltr'><strong>Alsxsndmmt</strong></span> <span class='ocrx_word' id='word_1_246' title='bbox 1002 2703 1109 2762; x_wconf 85' lang='lat' dir='ltr'><strong>sdeoqns</strong></span> <span class='ocrx_word' id='word_1_247' title='bbox 1134 2716 1184 2749; x_wconf 90' lang='lat' dir='ltr'><strong>non</strong></span> 
     </span>
     <span class='ocr_line' id='line_1_27' title="bbox 81 2769 1184 2830; baseline 0.01 -13"><span class='ocrx_word' id='word_1_248' title='bbox 81 2775 125 2826; x_wconf 77' lang='lat' dir='ltr'><strong>est,</strong></span> <span class='ocrx_word' id='word_1_249' title='bbox 150 2784 207 2830; x_wconf 63' lang='lat' dir='ltr'><strong>pse.</strong></span> <span class='ocrx_word' id='word_1_250' title='bbox 225 2770 256 2818; x_wconf 81' lang='lat' dir='ltr'><strong>st</strong></span> <span class='ocrx_word' id='word_1_251' title='bbox 272 2783 299 2817; x_wconf 78' lang='lat' dir='ltr'><strong>s·</strong></span> <span class='ocrx_word' id='word_1_252' title='bbox 315 2770 383 2818; x_wconf 75' lang='lat' dir='ltr'><strong>Edit.</strong></span> <span class='ocrx_word' id='word_1_253' title='bbox 404 2769 509 2817; x_wconf 70' lang='lat' dir='ltr'><strong>llluttrl·</strong></span> <span class='ocrx_word' id='word_1_254' title='bbox 529 2770 608 2829; x_wconf 66' lang='lat' dir='ltr'><strong>Sput-</strong></span> <span class='ocrx_word' id='word_1_255' title='bbox 656 2779 1184 2828; x_wconf 79' lang='lat' dir='ltr'><strong>slismbelloAlsxsndrllnPersssosmssm</strong></span> 
     </span>
    </p>
   </div>
   <div class='ocr_carea' id='block_1_5' title="bbox 80 2843 1184 2989">
    <p class='ocr_par' dir='ltr' id='par_1_6' title="bbox 80 2843 1184 2989">
     <span class='ocr_line' id='line_1_28' title="bbox 80 2843 1184 2915; baseline 0.008 -27"><span class='ocrx_word' id='word_1_256' title='bbox 80 2843 166 2890; x_wconf 86' lang='lat' dir='ltr'><strong>hemii:</strong></span> <span class='ocrx_word' id='word_1_257' title='bbox 177 2844 219 2890; x_wconf 87' lang='lat' dir='ltr'><strong>scd</strong></span> <span class='ocrx_word' id='word_1_258' title='bbox 230 2844 370 2891; x_wconf 79' lang='lat' dir='ltr'><strong>vertendum</strong></span> <span class='ocrx_word' id='word_1_259' title='bbox 381 2848 432 2890; x_wconf 79' lang='lat' dir='ltr'><strong>esst</strong></span> <span class='ocrx_word' id='word_1_260' title='bbox 442 2844 467 2888; x_wconf 91' lang='lat' dir='ltr'><strong>in</strong></span> <span class='ocrx_word' id='word_1_261' title='bbox 477 2843 608 2903; x_wconf 82' lang='lat' dir='ltr'><strong>posterior·</strong></span> <span class='ocrx_word' id='word_1_262' title='bbox 656 2854 803 2910; x_wconf 53' lang='lat' dir='ltr'><strong>adtribuere,</strong></span> <span class='ocrx_word' id='word_1_263' title='bbox 816 2854 859 2900; x_wconf 67' lang='lat' dir='ltr'><strong>„d</strong></span> <span class='ocrx_word' id='word_1_264' title='bbox 871 2855 952 2915; x_wconf 60' lang='lat' dir='ltr'><strong>poam</strong></span> <span class='ocrx_word' id='word_1_265' title='bbox 962 2855 1035 2903; x_wconf 66' lang='lat' dir='ltr'><strong>mm</strong></span> <span class='ocrx_word' id='word_1_266' title='bbox 1050 2869 1099 2903; x_wconf 75' lang='lat' dir='ltr'><strong>non</strong></span> <span class='ocrx_word' id='word_1_267' title='bbox 1109 2855 1184 2904; x_wconf 69' lang='lat' dir='ltr'><strong>tulna</strong></span> 
     </span>
     <span class='ocr_line' id='line_1_29' title="bbox 81 2916 877 2989; baseline 0.008 -27"><span class='ocrx_word' id='word_1_268' title='bbox 81 2917 134 2963; x_wconf 86' lang='lat' dir='ltr'><strong>ibus</strong></span> <span class='ocrx_word' id='word_1_269' title='bbox 143 2917 234 2965; x_wconf 75' lang='lat' dir='ltr'><strong>verbis:</strong></span> <span class='ocrx_word' id='word_1_270' title='bbox 246 2916 304 2963; x_wconf 81' lang='lat' dir='ltr'><strong>Nost</strong></span> <span class='ocrx_word' id='word_1_271' title='bbox 313 2917 374 2964; x_wconf 76' lang='lat' dir='ltr'><strong>caim</strong></span> <span class='ocrx_word' id='word_1_272' title='bbox 383 2916 425 2963; x_wconf 81' lang='lat' dir='ltr'><strong>illc</strong></span> <span class='ocrx_word' id='word_1_273' title='bbox 435 2916 536 2975; x_wconf 80' lang='lat' dir='ltr'><strong>(scilicet</strong></span> <span class='ocrx_word' id='word_1_274' title='bbox 543 2916 609 2963; x_wconf 85' lang='lat' dir='ltr'><strong>Gon·</strong></span> <span class='ocrx_word' id='word_1_275' title='bbox 657 2928 765 2975; x_wconf 58' lang='lat' dir='ltr'><strong>lunum</strong></span> <span class='ocrx_word' id='word_1_276' title='bbox 793 2928 822 2975; x_wconf 76' lang='lat' dir='ltr'><strong>J,</strong></span> <span class='ocrx_word' id='word_1_277' title='bbox 831 2928 877 2989; x_wconf 87' lang='lat' dir='ltr'><strong>B.]</strong></span> 
     </span>
    </p>
   </div>
   <div class='ocr_carea' id='block_1_6' title="bbox 78 3142 1233 4505">
    <p class='ocr_par' dir='ltr' id='par_1_7' title="bbox 80 3142 1233 3905">
     <span class='ocr_line' id='line_1_30' title="bbox 81 3142 1181 3218; baseline 0.003 -19"><span class='ocrx_word' id='word_1_278' title='bbox 81 3144 183 3200; x_wconf 87' lang='lat' dir='ltr'><strong>should</strong></span> <span class='ocrx_word' id='word_1_279' title='bbox 201 3144 274 3200; x_wconf 82' lang='lat' dir='ltr'><strong>have</strong></span> <span class='ocrx_word' id='word_1_280' title='bbox 292 3144 397 3202; x_wconf 84' lang='lat' dir='ltr'><strong>wished</strong></span> <span class='ocrx_word' id='word_1_281' title='bbox 417 3151 448 3202; x_wconf 88' lang='lat' dir='ltr'><strong>to</strong></span> <span class='ocrx_word' id='word_1_282' title='bbox 468 3162 575 3218; x_wconf 79' lang='lat' dir='ltr'><strong>arengo</strong></span> <span class='ocrx_word' id='word_1_283' title='bbox 589 3162 627 3200; x_wconf 88' lang='lat' dir='ltr'><strong>sn</strong></span> <span class='ocrx_word' id='word_1_284' title='bbox 641 3145 734 3217; x_wconf 77' lang='lat' dir='ltr'><strong>injury</strong></span> <span class='ocrx_word' id='word_1_285' title='bbox 750 3143 879 3199; x_wconf 76' lang='lat' dir='ltr'><strong>received</strong></span> <span class='ocrx_word' id='word_1_286' title='bbox 900 3143 974 3199; x_wconf 84' lang='lat' dir='ltr'><strong>from</strong></span> <span class='ocrx_word' id='word_1_287' title='bbox 988 3142 1038 3201; x_wconf 89' lang='lat' dir='ltr'><strong>the</strong></span> <span class='ocrx_word' id='word_1_288' title='bbox 1053 3144 1181 3202; x_wconf 81' lang='lat' dir='ltr'><strong>Samians</strong></span> 
     </span>
     <span class='ocr_line' id='line_1_31' title="bbox 81 3229 1182 3303; baseline -0.001 -18"><span class='ocrx_word' id='word_1_289' title='bbox 81 3231 157 3285; x_wconf 80' lang='lat' dir='ltr'><strong>aster</strong></span> <span class='ocrx_word' id='word_1_290' title='bbox 167 3230 248 3287; x_wconf 84' lang='lat' dir='ltr'><strong>three</strong></span> <span class='ocrx_word' id='word_1_291' title='bbox 261 3232 449 3303; x_wconf 77' lang='lat' dir='ltr'><strong>generations.</strong></span> <span class='ocrx_word' id='word_1_292' title='bbox 487 3232 585 3287; x_wconf 89' lang='lat' dir='ltr'><strong>Neris</strong></span> <span class='ocrx_word' id='word_1_293' title='bbox 599 3230 648 3286; x_wconf 90' lang='lat' dir='ltr'><strong>the</strong></span> <span class='ocrx_word' id='word_1_294' title='bbox 660 3229 775 3286; x_wconf 80' lang='lat' dir='ltr'><strong>defense</strong></span> <span class='ocrx_word' id='word_1_295' title='bbox 786 3229 820 3285; x_wconf 82' lang='lat' dir='ltr'><strong>ef</strong></span> <span class='ocrx_word' id='word_1_296' title='bbox 827 3229 896 3284; x_wconf 88' lang='lat' dir='ltr'><strong>such</strong></span> <span class='ocrx_word' id='word_1_297' title='bbox 908 3247 984 3285; x_wconf 86' lang='lat' dir='ltr'><strong>esses</strong></span> <span class='ocrx_word' id='word_1_298' title='bbox 995 3230 1182 3303; x_wconf 73' lang='lat' dir='ltr'><strong>satisfsctory,</strong></span> 
     </span>
     <span class='ocr_line' id='line_1_32' title="bbox 81 3316 1183 3389; baseline 0.003 -20"><span class='ocrx_word' id='word_1_299' title='bbox 81 3316 171 3371; x_wconf 84' lang='lat' dir='ltr'><strong>which</strong></span> <span class='ocrx_word' id='word_1_300' title='bbox 186 3333 228 3371; x_wconf 87' lang='lat' dir='ltr'><strong>we</strong></span> <span class='ocrx_word' id='word_1_301' title='bbox 240 3317 299 3371; x_wconf 84' lang='lat' dir='ltr'><strong>find</strong></span> <span class='ocrx_word' id='word_1_302' title='bbox 311 3317 341 3370; x_wconf 92' lang='lat' dir='ltr'><strong>in</strong></span> <span class='ocrx_word' id='word_1_303' title='bbox 352 3317 489 3375; x_wconf 82' lang='lat' dir='ltr'><strong>Plutarch</strong></span> <span class='ocrx_word' id='word_1_304' title='bbox 505 3317 550 3373; x_wconf 80' lang='lat' dir='ltr'><strong>Oa</strong></span> <span class='ocrx_word' id='word_1_305' title='bbox 564 3318 604 3372; x_wconf 78' lang='lat' dir='ltr'><strong>tlte</strong></span> <span class='ocrx_word' id='word_1_306' title='bbox 615 3317 726 3388; x_wconf 75' lang='lat' dir='ltr'><strong>dclcysd</strong></span> <span class='ocrx_word' id='word_1_307' title='bbox 731 3317 915 3388; x_wconf 62' lang='lat' dir='ltr'><strong>maishmcats</strong></span> <span class='ocrx_word' id='word_1_308' title='bbox 929 3317 964 3389; x_wconf 86' lang='lat' dir='ltr'><strong>os</strong></span> <span class='ocrx_word' id='word_1_309' title='bbox 969 3317 1010 3371; x_wconf 79' lang='lat' dir='ltr'><strong>tlte</strong></span> <span class='ocrx_word' id='word_1_310' title='bbox 1019 3318 1093 3387; x_wconf 77' lang='lat' dir='ltr'><strong>pods.</strong></span> <span class='ocrx_word' id='word_1_311' title='bbox 1125 3317 1183 3372; x_wconf 82' lang='lat' dir='ltr'><strong>For</strong></span> 
     </span>
     <span class='ocr_line' id='line_1_33' title="bbox 80 3400 1183 3476; baseline 0.002 -19"><span class='ocrx_word' id='word_1_312' title='bbox 80 3401 131 3457; x_wconf 90' lang='lat' dir='ltr'><strong>tho</strong></span> <span class='ocrx_word' id='word_1_313' title='bbox 138 3403 242 3472; x_wconf 86' lang='lat' dir='ltr'><strong>justice</strong></span> <span class='ocrx_word' id='word_1_314' title='bbox 253 3403 453 3458; x_wconf 86' lang='lat' dir='ltr'><strong>administered</strong></span> <span class='ocrx_word' id='word_1_315' title='bbox 465 3404 503 3476; x_wconf 80' lang='lat' dir='ltr'><strong>by</strong></span> <span class='ocrx_word' id='word_1_316' title='bbox 518 3403 614 3458; x_wconf 83' lang='lat' dir='ltr'><strong>Godis</strong></span> <span class='ocrx_word' id='word_1_317' title='bbox 629 3418 684 3457; x_wconf 91' lang='lat' dir='ltr'><strong>one</strong></span> <span class='ocrx_word' id='word_1_318' title='bbox 698 3401 788 3473; x_wconf 82' lang='lat' dir='ltr'><strong>thing,</strong></span> <span class='ocrx_word' id='word_1_319' title='bbox 799 3400 862 3456; x_wconf 84' lang='lat' dir='ltr'><strong>that</strong></span> <span class='ocrx_word' id='word_1_320' title='bbox 876 3401 914 3473; x_wconf 80' lang='lat' dir='ltr'><strong>by</strong></span> <span class='ocrx_word' id='word_1_321' title='bbox 928 3417 1002 3467; x_wconf 87' lang='lat' dir='ltr'><strong>men,</strong></span> <span class='ocrx_word' id='word_1_322' title='bbox 1011 3402 1139 3468; x_wconf 87' lang='lat' dir='ltr'><strong>another,</strong></span> <span class='ocrx_word' id='word_1_323' title='bbox 1151 3419 1183 3459; x_wconf 86' lang='lat' dir='ltr'><strong>us</strong></span> 
     </span>
     <span class='ocr_line' id='line_1_34' title="bbox 81 3486 1181 3561; baseline 0.004 -21"><span class='ocrx_word' id='word_1_324' title='bbox 81 3505 124 3543; x_wconf 89' lang='lat' dir='ltr'><strong>we</strong></span> <span class='ocrx_word' id='word_1_325' title='bbox 138 3486 211 3543; x_wconf 86' lang='lat' dir='ltr'><strong>shall</strong></span> <span class='ocrx_word' id='word_1_326' title='bbox 226 3488 301 3543; x_wconf 88' lang='lat' dir='ltr'><strong>shew</strong></span> <span class='ocrx_word' id='word_1_327' title='bbox 312 3488 464 3547; x_wconf 79' lang='lat' dir='ltr'><strong>hercafter.</strong></span> <span class='ocrx_word' id='word_1_328' title='bbox 508 3489 572 3544; x_wconf 81' lang='lat' dir='ltr'><strong>Nor</strong></span> <span class='ocrx_word' id='word_1_329' title='bbox 592 3489 676 3561; x_wconf 71' lang='lat' dir='ltr'><strong>again</strong></span> <span class='ocrx_word' id='word_1_330' title='bbox 689 3504 743 3542; x_wconf 89' lang='lat' dir='ltr'><strong>csn</strong></span> <span class='ocrx_word' id='word_1_331' title='bbox 756 3504 798 3542; x_wconf 90' lang='lat' dir='ltr'><strong>wo</strong></span> <span class='ocrx_word' id='word_1_332' title='bbox 811 3502 899 3559; x_wconf 79' lang='lat' dir='ltr'><strong>argue</strong></span> <span class='ocrx_word' id='word_1_333' title='bbox 913 3486 984 3552; x_wconf 85' lang='lat' dir='ltr'><strong>that,</strong></span> <span class='ocrx_word' id='word_1_334' title='bbox 998 3487 1117 3543; x_wconf 75' lang='lat' dir='ltr'><strong>bessum</strong></span> <span class='ocrx_word' id='word_1_335' title='bbox 1132 3488 1181 3544; x_wconf 81' lang='lat' dir='ltr'><strong>de·</strong></span> 
     </span>
     <span class='ocr_line' id='line_1_35' title="bbox 80 3572 1233 3641; baseline 0 -12"><span class='ocrx_word' id='word_1_336' title='bbox 80 3575 231 3629; x_wconf 89' lang='lat' dir='ltr'><strong>scendsnts</strong></span> <span class='ocrx_word' id='word_1_337' title='bbox 244 3574 355 3630; x_wconf 79' lang='lat' dir='ltr'><strong>receive</strong></span> <span class='ocrx_word' id='word_1_338' title='bbox 363 3574 487 3631; x_wconf 90' lang='lat' dir='ltr'><strong>honours</strong></span> <span class='ocrx_word' id='word_1_339' title='bbox 496 3575 553 3630; x_wconf 91' lang='lat' dir='ltr'><strong>and</strong></span> <span class='ocrx_word' id='word_1_340' title='bbox 563 3574 684 3630; x_wconf 78' lang='lat' dir='ltr'><strong>rewards</strong></span> <span class='ocrx_word' id='word_1_341' title='bbox 698 3573 744 3628; x_wconf 83' lang='lat' dir='ltr'><strong>scr</strong></span> <span class='ocrx_word' id='word_1_342' title='bbox 757 3572 806 3628; x_wconf 90' lang='lat' dir='ltr'><strong>the</strong></span> <span class='ocrx_word' id='word_1_343' title='bbox 817 3574 901 3627; x_wconf 88' lang='lat' dir='ltr'><strong>merit</strong></span> <span class='ocrx_word' id='word_1_344' title='bbox 911 3573 944 3629; x_wconf 84' lang='lat' dir='ltr'><strong>of</strong></span> <span class='ocrx_word' id='word_1_345' title='bbox 949 3573 1024 3631; x_wconf 87' lang='lat' dir='ltr'><strong>their</strong></span> <span class='ocrx_word' id='word_1_346' title='bbox 1032 3581 1184 3641; x_wconf 83' lang='lat' dir='ltr'><strong>ancestors,</strong></span> <span class='ocrx_word' id='word_1_347' title='bbox 1230 3584 1233 3589; x_wconf 88' lang='grc'><em>·</em></span> 
     </span>
     <span class='ocr_line' id='line_1_36' title="bbox 80 3659 1183 3733; baseline 0.001 -19"><span class='ocrx_word' id='word_1_348' title='bbox 80 3659 224 3715; x_wconf 80' lang='lat' dir='ltr'><strong>therefore</strong></span> <span class='ocrx_word' id='word_1_349' title='bbox 235 3661 259 3716; x_wconf 90' lang='lat' dir='ltr'><strong>it</strong></span> <span class='ocrx_word' id='word_1_350' title='bbox 271 3661 293 3716; x_wconf 90' lang='lat' dir='ltr'><strong>is</strong></span> <span class='ocrx_word' id='word_1_351' title='bbox 304 3662 365 3731; x_wconf 88' lang='lat' dir='ltr'><strong>just</strong></span> <span class='ocrx_word' id='word_1_352' title='bbox 376 3661 439 3717; x_wconf 91' lang='lat' dir='ltr'><strong>that</strong></span> <span class='ocrx_word' id='word_1_353' title='bbox 453 3660 521 3733; x_wconf 77' lang='lat' dir='ltr'><strong>they</strong></span> <span class='ocrx_word' id='word_1_354' title='bbox 534 3660 637 3716; x_wconf 89' lang='lat' dir='ltr'><strong>should</strong></span> <span class='ocrx_word' id='word_1_355' title='bbox 648 3659 684 3715; x_wconf 91' lang='lat' dir='ltr'><strong>be</strong></span> <span class='ocrx_word' id='word_1_356' title='bbox 695 3659 834 3732; x_wconf 91' lang='lat' dir='ltr'><strong>punished</strong></span> <span class='ocrx_word' id='word_1_357' title='bbox 844 3659 890 3714; x_wconf 84' lang='lat' dir='ltr'><strong>for</strong></span> <span class='ocrx_word' id='word_1_358' title='bbox 902 3659 976 3716; x_wconf 88' lang='lat' dir='ltr'><strong>their</strong></span> <span class='ocrx_word' id='word_1_359' title='bbox 986 3661 1094 3716; x_wconf 88' lang='lat' dir='ltr'><strong>crimes.</strong></span> <span class='ocrx_word' id='word_1_360' title='bbox 1124 3661 1183 3715; x_wconf 84' lang='lat' dir='ltr'><strong>For</strong></span> 
     </span>
     <span class='ocr_line' id='line_1_37' title="bbox 80 3744 1181 3820; baseline 0.002 -20"><span class='ocrx_word' id='word_1_361' title='bbox 80 3745 199 3802; x_wconf 85' lang='lat' dir='ltr'><strong>henefits</strong></span> <span class='ocrx_word' id='word_1_362' title='bbox 221 3763 269 3801; x_wconf 88' lang='lat' dir='ltr'><strong>are</strong></span> <span class='ocrx_word' id='word_1_363' title='bbox 287 3747 321 3801; x_wconf 82' lang='lat' dir='ltr'><strong>cl</strong></span> <span class='ocrx_word' id='word_1_364' title='bbox 340 3746 409 3802; x_wconf 90' lang='lat' dir='ltr'><strong>such</strong></span> <span class='ocrx_word' id='word_1_365' title='bbox 424 3754 534 3813; x_wconf 80' lang='lat' dir='ltr'><strong>nature,</strong></span> <span class='ocrx_word' id='word_1_366' title='bbox 555 3746 594 3820; x_wconf 78' lang='lat' dir='ltr'><strong>by</strong></span> <span class='ocrx_word' id='word_1_367' title='bbox 608 3745 683 3802; x_wconf 88' lang='lat' dir='ltr'><strong>their</strong></span> <span class='ocrx_word' id='word_1_368' title='bbox 699 3751 812 3810; x_wconf 87' lang='lat' dir='ltr'><strong>matter,</strong></span> <span class='ocrx_word' id='word_1_369' title='bbox 833 3744 897 3801; x_wconf 86' lang='lat' dir='ltr'><strong>that</strong></span> <span class='ocrx_word' id='word_1_370' title='bbox 919 3745 988 3819; x_wconf 81' lang='lat' dir='ltr'><strong>they</strong></span> <span class='ocrx_word' id='word_1_371' title='bbox 1001 3763 1067 3820; x_wconf 82' lang='lat' dir='ltr'><strong>may</strong></span> <span class='ocrx_word' id='word_1_372' title='bbox 1081 3745 1117 3801; x_wconf 91' lang='lat' dir='ltr'><strong>bc</strong></span> <span class='ocrx_word' id='word_1_373' title='bbox 1130 3746 1181 3802; x_wconf 87' lang='lat' dir='ltr'><strong>be·</strong></span> 
     </span>
     <span class='ocr_line' id='line_1_38' title="bbox 80 3831 1005 3905; baseline 0.001 -20"><span class='ocrx_word' id='word_1_374' title='bbox 80 3831 186 3886; x_wconf 90' lang='lat' dir='ltr'><strong>stowed</strong></span> <span class='ocrx_word' id='word_1_375' title='bbox 200 3849 277 3904; x_wconf 92' lang='lat' dir='ltr'><strong>upon</strong></span> <span class='ocrx_word' id='word_1_376' title='bbox 292 3849 348 3904; x_wconf 84' lang='lat' dir='ltr'><strong>any</strong></span> <span class='ocrx_word' id='word_1_377' title='bbox 362 3832 480 3888; x_wconf 84' lang='lat' dir='ltr'><strong>without</strong></span> <span class='ocrx_word' id='word_1_378' title='bbox 493 3833 595 3905; x_wconf 76' lang='lat' dir='ltr'><strong>injury,</strong></span> <span class='ocrx_word' id='word_1_379' title='bbox 608 3832 661 3886; x_wconf 90' lang='lat' dir='ltr'><strong>but</strong></span> <span class='ocrx_word' id='word_1_380' title='bbox 675 3831 869 3904; x_wconf 86' lang='lat' dir='ltr'><strong>punishments</strong></span> <span class='ocrx_word' id='word_1_381' title='bbox 883 3847 932 3887; x_wconf 87' lang='lat' dir='ltr'><strong>ure</strong></span> <span class='ocrx_word' id='word_1_382' title='bbox 946 3838 1005 3887; x_wconf 87' lang='lat' dir='ltr'><strong>not.</strong></span> 
     </span>
    </p>

    <p class='ocr_par' dir='ltr' id='par_1_8' title="bbox 78 3917 1189 4412">
     <span class='ocr_line' id='line_1_39' title="bbox 136 3917 1183 3991; baseline 0.002 -20"><span class='ocrx_word' id='word_1_383' title='bbox 136 3917 189 3972; x_wconf 86' lang='lat' dir='ltr'><strong>IX.</strong></span> <span class='ocrx_word' id='word_1_384' title='bbox 228 3918 280 3972; x_wconf 87' lang='lat' dir='ltr'><strong>We</strong></span> <span class='ocrx_word' id='word_1_385' title='bbox 293 3917 366 3973; x_wconf 86' lang='lat' dir='ltr'><strong>have</strong></span> <span class='ocrx_word' id='word_1_386' title='bbox 379 3919 486 3990; x_wconf 83' lang='lat' dir='ltr'><strong>spoken</strong></span> <span class='ocrx_word' id='word_1_387' title='bbox 498 3918 532 3973; x_wconf 86' lang='lat' dir='ltr'><strong>of</strong></span> <span class='ocrx_word' id='word_1_388' title='bbox 542 3918 592 3974; x_wconf 93' lang='lat' dir='ltr'><strong>the</strong></span> <span class='ocrx_word' id='word_1_389' title='bbox 605 3935 680 3989; x_wconf 81' lang='lat' dir='ltr'><strong>ways</strong></span> <span class='ocrx_word' id='word_1_390' title='bbox 694 3917 724 3971; x_wconf 89' lang='lat' dir='ltr'><strong>in</strong></span> <span class='ocrx_word' id='word_1_391' title='bbox 737 3917 828 3972; x_wconf 82' lang='lat' dir='ltr'><strong>which</strong></span> <span class='ocrx_word' id='word_1_392' title='bbox 844 3934 861 3972; x_wconf 91' lang='lat' dir='ltr'><strong>a</strong></span> <span class='ocrx_word' id='word_1_393' title='bbox 875 3917 1073 3991; x_wconf 86' lang='lat' dir='ltr'><strong>participation</strong></span> <span class='ocrx_word' id='word_1_394' title='bbox 1088 3918 1118 3972; x_wconf 95' lang='lat' dir='ltr'><strong>in</strong></span> <span class='ocrx_word' id='word_1_395' title='bbox 1133 3917 1183 3973; x_wconf 89' lang='lat' dir='ltr'><strong>the</strong></span> 
     </span>
     <span class='ocr_line' id='line_1_40' title="bbox 79 4001 1181 4076; baseline 0.003 -21"><span class='ocrx_word' id='word_1_396' title='bbox 79 4001 261 4073; x_wconf 88' lang='lat' dir='ltr'><strong>punishment</strong></span> <span class='ocrx_word' id='word_1_397' title='bbox 274 4003 353 4058; x_wconf 85' lang='lat' dir='ltr'><strong>takes</strong></span> <span class='ocrx_word' id='word_1_398' title='bbox 365 4004 445 4075; x_wconf 83' lang='lat' dir='ltr'><strong>place</strong></span> <span class='ocrx_word' id='word_1_399' title='bbox 456 4006 486 4058; x_wconf 90' lang='lat' dir='ltr'><strong>in</strong></span> <span class='ocrx_word' id='word_1_400' title='bbox 497 4020 688 4076; x_wconf 88' lang='lat' dir='ltr'><strong>consequence</strong></span> <span class='ocrx_word' id='word_1_401' title='bbox 700 4002 759 4058; x_wconf 82' lang='lat' dir='ltr'><strong>cfa</strong></span> <span class='ocrx_word' id='word_1_402' title='bbox 769 4004 968 4076; x_wconf 75' lang='lat' dir='ltr'><strong>participatior</strong></span> <span class='ocrx_word' id='word_1_403' title='bbox 979 4005 1009 4058; x_wconf 94' lang='lat' dir='ltr'><strong>in</strong></span> <span class='ocrx_word' id='word_1_404' title='bbox 1021 4004 1071 4059; x_wconf 92' lang='lat' dir='ltr'><strong>the</strong></span> <span class='ocrx_word' id='word_1_405' title='bbox 1085 4005 1181 4058; x_wconf 90' lang='lat' dir='ltr'><strong>crime.</strong></span> 
     </span>
     <span class='ocr_line' id='line_1_41' title="bbox 79 4087 1184 4160; baseline 0.001 -18"><span class='ocrx_word' id='word_1_406' title='bbox 79 4087 107 4142; x_wconf 90' lang='lat' dir='ltr'><strong>It</strong></span> <span class='ocrx_word' id='word_1_407' title='bbox 118 4088 240 4144; x_wconf 86' lang='lat' dir='ltr'><strong>remains</strong></span> <span class='ocrx_word' id='word_1_408' title='bbox 254 4088 318 4144; x_wconf 91' lang='lat' dir='ltr'><strong>thst</strong></span> <span class='ocrx_word' id='word_1_409' title='bbox 331 4107 373 4145; x_wconf 91' lang='lat' dir='ltr'><strong>we</strong></span> <span class='ocrx_word' id='word_1_410' title='bbox 387 4092 516 4146; x_wconf 88' lang='lat' dir='ltr'><strong>consider</strong></span> <span class='ocrx_word' id='word_1_411' title='bbox 524 4089 659 4158; x_wconf 78' lang='lat' dir='ltr'><strong>whether,</strong></span> <span class='ocrx_word' id='word_1_412' title='bbox 671 4088 752 4144; x_wconf 90' lang='lat' dir='ltr'><strong>when</strong></span> <span class='ocrx_word' id='word_1_413' title='bbox 763 4089 878 4145; x_wconf 89' lang='lat' dir='ltr'><strong>thereis</strong></span> <span class='ocrx_word' id='word_1_414' title='bbox 893 4096 944 4144; x_wconf 91' lang='lat' dir='ltr'><strong>not</strong></span> <span class='ocrx_word' id='word_1_415' title='bbox 955 4106 973 4144; x_wconf 88' lang='lat' dir='ltr'><strong>s</strong></span> <span class='ocrx_word' id='word_1_416' title='bbox 984 4089 1184 4160; x_wconf 85' lang='lat' dir='ltr'><strong>participeticn</strong></span> 
     </span>
     <span class='ocr_line' id='line_1_42' title="bbox 78 4172 1183 4248; baseline 0.001 -21"><span class='ocrx_word' id='word_1_417' title='bbox 78 4172 107 4227; x_wconf 93' lang='lat' dir='ltr'><strong>in</strong></span> <span class='ocrx_word' id='word_1_418' title='bbox 123 4174 174 4229; x_wconf 91' lang='lat' dir='ltr'><strong>the</strong></span> <span class='ocrx_word' id='word_1_419' title='bbox 187 4175 302 4240; x_wconf 80' lang='lat' dir='ltr'><strong>offense,</strong></span> <span class='ocrx_word' id='word_1_420' title='bbox 324 4176 404 4230; x_wconf 88' lang='lat' dir='ltr'><strong>there</strong></span> <span class='ocrx_word' id='word_1_421' title='bbox 418 4193 484 4247; x_wconf 88' lang='lat' dir='ltr'><strong>may</strong></span> <span class='ocrx_word' id='word_1_422' title='bbox 503 4175 540 4230; x_wconf 93' lang='lat' dir='ltr'><strong>he</strong></span> <span class='ocrx_word' id='word_1_423' title='bbox 554 4176 584 4229; x_wconf 91' lang='lat' dir='ltr'><strong>in</strong></span> <span class='ocrx_word' id='word_1_424' title='bbox 602 4175 652 4231; x_wconf 91' lang='lat' dir='ltr'><strong>the</strong></span> <span class='ocrx_word' id='word_1_425' title='bbox 666 4175 863 4248; x_wconf 77' lang='lat' dir='ltr'><strong>punishment3</strong></span> <span class='ocrx_word' id='word_1_426' title='bbox 885 4175 943 4229; x_wconf 92' lang='lat' dir='ltr'><strong>and</strong></span> <span class='ocrx_word' id='word_1_427' title='bbox 962 4174 1040 4238; x_wconf 91' lang='lat' dir='ltr'><strong>here,</strong></span> <span class='ocrx_word' id='word_1_428' title='bbox 1061 4174 1123 4229; x_wconf 90' lang='lat' dir='ltr'><strong>that</strong></span> <span class='ocrx_word' id='word_1_429' title='bbox 1140 4189 1183 4228; x_wconf 87' lang='lat' dir='ltr'><strong>we</strong></span> 
     </span>
     <span class='ocr_line' id='line_1_43' title="bbox 78 4258 1189 4334; baseline 0.002 -22"><span class='ocrx_word' id='word_1_430' title='bbox 78 4276 145 4331; x_wconf 88' lang='lat' dir='ltr'><strong>may</strong></span> <span class='ocrx_word' id='word_1_431' title='bbox 165 4267 215 4315; x_wconf 91' lang='lat' dir='ltr'><strong>not</strong></span> <span class='ocrx_word' id='word_1_432' title='bbox 233 4261 270 4316; x_wconf 92' lang='lat' dir='ltr'><strong>be</strong></span> <span class='ocrx_word' id='word_1_433' title='bbox 284 4261 384 4316; x_wconf 90' lang='lat' dir='ltr'><strong>misled</strong></span> <span class='ocrx_word' id='word_1_434' title='bbox 399 4261 437 4333; x_wconf 89' lang='lat' dir='ltr'><strong>by</strong></span> <span class='ocrx_word' id='word_1_435' title='bbox 451 4261 501 4316; x_wconf 90' lang='lat' dir='ltr'><strong>the</strong></span> <span class='ocrx_word' id='word_1_436' title='bbox 521 4261 669 4334; x_wconf 72' lang='lat' dir='ltr'><strong>similsrity</strong></span> <span class='ocrx_word' id='word_1_437' title='bbox 689 4261 723 4317; x_wconf 67' lang='lat' dir='ltr'><strong>ol*</strong></span> <span class='ocrx_word' id='word_1_438' title='bbox 737 4262 828 4316; x_wconf 83' lang='lat' dir='ltr'><strong>words</strong></span> <span class='ocrx_word' id='word_1_439' title='bbox 848 4260 930 4315; x_wconf 91' lang='lat' dir='ltr'><strong>when</strong></span> <span class='ocrx_word' id='word_1_440' title='bbox 948 4259 999 4314; x_wconf 89' lang='lat' dir='ltr'><strong>the</strong></span> <span class='ocrx_word' id='word_1_441' title='bbox 1018 4258 1113 4331; x_wconf 79' lang='lat' dir='ltr'><strong>things</strong></span> <span class='ocrx_word' id='word_1_442' title='bbox 1134 4275 1189 4314; x_wconf 80' lang='lat' dir='ltr'><strong>arc</strong></span> 
     </span>
     <span class='ocr_line' id='line_1_44' title="bbox 78 4344 712 4412; baseline 0.005 -12"><span class='ocrx_word' id='word_1_443' title='bbox 78 4344 219 4412; x_wconf 80' lang='lat' dir='ltr'><strong>different,</strong></span> <span class='ocrx_word' id='word_1_444' title='bbox 233 4363 275 4402; x_wconf 90' lang='lat' dir='ltr'><strong>we</strong></span> <span class='ocrx_word' id='word_1_445' title='bbox 289 4353 365 4402; x_wconf 87' lang='lat' dir='ltr'><strong>must</strong></span> <span class='ocrx_word' id='word_1_446' title='bbox 379 4348 461 4402; x_wconf 79' lang='lat' dir='ltr'><strong>mate</strong></span> <span class='ocrx_word' id='word_1_447' title='bbox 476 4364 493 4401; x_wconf 88' lang='lat' dir='ltr'><strong>a</strong></span> <span class='ocrx_word' id='word_1_448' title='bbox 506 4344 560 4401; x_wconf 82' lang='lat' dir='ltr'><strong>forr</strong></span> <span class='ocrx_word' id='word_1_449' title='bbox 577 4348 712 4403; x_wconf 83' lang='lat' dir='ltr'><strong>remarks.</strong></span> 
     </span>
    </p>

    <p class='ocr_par' dir='ltr' id='par_1_9' title="bbox 133 4429 1183 4505">
     <span class='ocr_line' id='line_1_45' title="bbox 133 4429 1183 4505; baseline -0.002 -17"><span class='ocrx_word' id='word_1_450' title='bbox 133 4432 173 4488; x_wconf 85' lang='lat' dir='ltr'><strong>X.</strong></span> <span class='ocrx_word' id='word_1_451' title='bbox 212 4438 227 4488; x_wconf 90' lang='lat'>1</span> <span class='ocrx_word' id='word_1_452' title='bbox 250 4433 334 4497; x_wconf 83' lang='lat' dir='ltr'><strong>First,</strong></span> <span class='ocrx_word' id='word_1_453' title='bbox 354 4431 418 4488; x_wconf 87' lang='lat' dir='ltr'><strong>that</strong></span> <span class='ocrx_word' id='word_1_454' title='bbox 446 4449 465 4487; x_wconf 85' lang='lat' dir='ltr'><strong>a</strong></span> <span class='ocrx_word' id='word_1_455' title='bbox 486 4432 605 4504; x_wconf 84' lang='lat' dir='ltr'><strong>damage</strong></span> <span class='ocrx_word' id='word_1_456' title='bbox 628 4433 747 4505; x_wconf 80' lang='lat' dir='ltr'><strong>direetly</strong></span> <span class='ocrx_word' id='word_1_457' title='bbox 769 4431 872 4488; x_wconf 86' lang='lat' dir='ltr'><strong>csused</strong></span> <span class='ocrx_word' id='word_1_458' title='bbox 892 4431 917 4485; x_wconf 91' lang='lat' dir='ltr'><strong>is</strong></span> <span class='ocrx_word' id='word_1_459' title='bbox 936 4446 991 4487; x_wconf 90' lang='lat' dir='ltr'><strong>one</strong></span> <span class='ocrx_word' id='word_1_460' title='bbox 1014 4429 1104 4504; x_wconf 77' lang='lat' dir='ltr'><strong>thing,</strong></span> <span class='ocrx_word' id='word_1_461' title='bbox 1125 4431 1183 4486; x_wconf 90' lang='lat' dir='ltr'><strong>sud</strong></span> 
     </span>
    </p>
   </div>
   <div class='ocr_carea' id='block_1_7' title="bbox 0 0 1422 4920">
    <p class='ocr_par' dir='ltr' id='par_1_10' title="bbox 0 0 1422 4920">
     <span class='ocr_line' id='line_1_46' title="bbox 0 0 1422 4920; baseline 0 1"><span class='ocrx_word' id='word_1_462' title='bbox 0 0 1422 4920; x_wconf 95' lang='lat' dir='ltr'><strong> </strong></span> 
     </span>
    </p>
   </div>
  </div>
 </body>
</html>
