2834 4920
214 201 279 264 308
660 207 712 261 DE
734 206 872 262 POENIS.
1191 204 1264 274 [Lis.
1277 208 1316 263 IL

216 372 344 450 malum,
361 371 420 439 etsi
435 369 573 438 nondum
589 369 665 437 illud
682 371 765 458 quod
777 368 1009 450 intendebatur,
1032 378 1170 437 secutum
1181 370 1248 459 jam
1264 372 1314 452 sit,

217 481 274 538 aut
290 479 375 538 certe
392 472 502 561 ingens
520 468 700 559 periculum,
724 471 769 536 ita
785 478 821 535 ut
838 470 1005 537 vindicatio
1021 479 1077 536 aut
1094 470 1258 558 conjuncta
1275 472 1317 539 sit

218 594 287 637 cum
305 571 447 638 cautione
464 571 579 637 future
593 591 694 647 noxae,
716 570 768 654 (de
785 591 958 656 quasupra
974 569 1094 658 egimus
1110 571 1258 659 incapite
1276 572 1317 638 de

219 671 409 754 defensione)
430 678 486 736 aut
503 668 688 758 dignitatem
710 669 815 735 laesam
836 676 972 746 tueatur,
995 677 1051 734 aut
1068 669 1238 756 pernicioso
1261 692 1320 736 ex·

219 770 321 858 emplo
338 777 489 835 occurrat

297 870 365 934 XL.
407 872 426 933 1
462 867 628 935 Sciendum
646 889 769 955 quoque
790 875 848 946 est,
865 888 968 957 reges,
989 876 1022 934 et
1041 866 1095 954 qui
1111 889 1170 955 par
1190 869 1319 958 regibus

215 968 269 1057 jus
286 968 435 1045 obtinent,
454 967 506 1054 jus
523 968 640 1034 habere
662 988 771 1055 poenas
788 967 935 1054 poscendi
954 989 1017 1033 non
1039 974 1160 1034 tantum
1178 968 1219 1033 ob
1238 968 1319 1055 inju-

219 1068 283 1134 rias
300 1067 332 1132 in
345 1089 379 1133 se
396 1075 451 1133 aut
464 1066 604 1133 subditos
619 1088 691 1133 suos
706 1066 891 1142 commissas,
904 1066 960 1133 sed
976 1075 1010 1134 et
1027 1067 1067 1133 ob
1082 1087 1136 1133 eas
1151 1089 1223 1153 qua
1235 1067 1319 1155 ipsos

220 1166 419 1254 peculiariter
435 1187 498 1230 non
513 1174 657 1254 tangunt,
674 1164 730 1231 sed
746 1165 779 1230 in
796 1165 953 1252 quibusvis
969 1165 1109 1252 personis
1127 1165 1180 1252 jus
1196 1177 1319 1234 natura

221 1275 277 1332 aut
293 1265 433 1354 gentium
449 1265 624 1331 immaniter
641 1264 768 1332 violant.
817 1266 899 1330 Nam
920 1264 1050 1330 libertas
1066 1265 1209 1331 humanm
1222 1265 1320 1332 socie·

221 1364 280 1432 teti
303 1387 362 1452 per
377 1385 485 1451 poenas
501 1364 689 1442 consulendi,
710 1385 781 1450 quae
801 1362 900 1446 initio,
920 1372 957 1431 ut
978 1363 1121 1441 diximus,
1139 1385 1235 1451 penes
1256 1364 1321 1429 sin-

221 1464 313 1553 gulos
338 1463 452 1544 suerat,
479 1462 655 1530 civitatibus
681 1485 718 1529 ac
738 1462 863 1550 judiciis
888 1462 1037 1530 institutis
1063 1484 1160 1550 penes
1183 1485 1319 1530 summas

221 1571 391 1650 potestates
415 1562 541 1640 resedit,
565 1585 628 1629 non
653 1563 780 1651 proprie
802 1584 865 1650 qua
893 1563 962 1629 aliis
985 1561 1150 1650 imperant,
1175 1563 1231 1629 sod
1255 1585 1320 1649 qua

221 1661 337 1726 nemini
353 1671 474 1749 parent.
507 1661 591 1727 Nam
607 1661 755 1750 subjectio
771 1661 840 1727 aliia
856 1661 889 1728 id
899 1662 953 1749 jus
968 1661 1108 1728 abstulit.
1147 1662 1214 1726 imo
1230 1671 1320 1727 tanto

221 1759 381 1826 honestius
406 1768 454 1826 est
471 1760 588 1827 alienas
612 1759 741 1847 injurias
758 1781 850 1847 quam
872 1783 944 1827 suaa
960 1759 1127 1839 vindicare,
1153 1769 1269 1848 quanto
1285 1761 1320 1826 in

222 1858 286 1924 suis
302 1859 402 1948 magis
414 1859 613 1925 metuendum
626 1869 674 1926 est
689 1881 729 1924 ne
744 1858 812 1946 quis
828 1859 943 1926 doloris
955 1859 1003 1926 sui
1014 1881 1108 1926 sensu
1122 1868 1178 1925 aut
1193 1860 1320 1927 modum

222 1957 362 2034 excedat,
380 1966 434 2024 aut
449 1965 535 2024 certo
551 1957 688 2023 animum
704 1957 831 2024 inliciat.

292 2058 312 2121 2
347 2059 390 2122 Et
414 2055 474 2121 hoo
500 2056 624 2122 nomine
650 2057 691 2122 ab
719 2056 854 2143 antiquis
882 2057 1069 2144 predicatus
1094 2066 1142 2127 est
1167 2058 1320 2126 Hercules

221 2154 306 2241 quod
329 2155 451 2233 Antaeo,
478 2155 632 2233 Busiride,
654 2155 816 2232 Diomede,
837 2163 870 2223 st
889 2156 1037 2224 similibus
1062 2159 1222 2247 'tyrannis
1244 2159 1321 2224 libe-

60 2264 192 2350 panset
220 2254 300 2320 rarit
317 2263 428 2332 terras,
452 2275 538 2341 quas,
565 2262 600 2321 ut
618 2255 736 2321 Seneca
752 2255 793 2321 de
812 2277 850 2321 eo
865 2255 1011 2342 loquitur,
1031 2257 1156 2324 transiit
1172 2279 1235 2324 non
1249 2280 1325 2323 oon·

57 2356 203 2487 ffffi„
222 2353 416 2442 cupiscendo,
438 2352 494 2420 sed
517 2353 713 2434 vindicando,
735 2353 941 2421 maximorum
962 2356 1119 2440 bonorum⁴
1133 2366 1243 2424 auctor
1264 2358 1325 2422 ho·

264 2546 411 2608 Tyrmtnu
420 2546 530 2593 laborarat
544 2544 633 2606 lmus]
650 2545 683 2593 Et
693 2560 745 2592 ma
797 2544 902 2594 mom
907 2544 999 2605 partim
1008 2547 1142 2593 maaria
1146 2547 1239 2607 partim
1247 2563 1323 2608 pera.

220 2623 263 2671 ria.
304 2622 424 2668 Philocle
443 2621 587 2681 Legationes
593 2619 682 2753 w'flpn
684 2621 745 2675 κλῆο
795 2621 859 2677 tilia,
874 2625 900 2666 us
915 2621 1006 2666 tolleret
1021 2621 1138 2666 bominum
1153 2623 1323 2669 animmttium-

373 2699 385 2708 ·
795 2710 840 2756 ριιο
854 2696 995 2742 alsonrmca
1004 2710 1054 2755 quae
1066 2697 1177 2743 miiaiin
1191 2703 1235 2744 nat
1246 2701 1325 2748 noxia

605 2784 613 2812 ι
653 2765 745 2814 τᾰτουο
795 2776 876 2819 meat.
905 2770 977 2830 (Peg.
988 2773 1047 2818 1003
1056 2771 1095 2832 n.)

841 2851 850 2881 ²
874 2847 945 2894 Ultor
960 2852 986 2893 at
1000 2848 1112 2894 scalmos
1126 2846 1206 2909 som]
1227 2850 1323 2897 Ibidem

221 2917 257 2965 w*
265 2919 380 2978 βλαβερά
391 2918 458 2965 καὶ
443 2934 529 2964 raam·
530 2859 668 2976 ικιζφῦῒιὶ
797 2920 886 2968 dicenti
895 2921 984 2968 Fsoiali
994 2923 1067 2982 (rora.
1077 2923 1151 2981 674):

219 2992 296 3054 τέρας
304 2993 412 3041 ἀνελεῖν·
427 2992 663 3052 Herculanarum
669 2997 748 3038 enac
816 3010 849 3052 '11
860 3012 927 3055 „ew
937 3011 976 3054 oy,
983 3011 1004 3054 0·
1019 3011 1098 3064 ggw,
1111 3011 1205 3064 ggwg,
1215 3012 1296 3066 mg„

221 3085 252 3118 ac
264 3072 351 3130 morta,
367 3072 496 3119 emunim
509 3069 602 3116 sotim
616 3067 748 3114 hominibus
820 3079 869 3119 ffen'
880 3089 928 3127 ergo
937 3078 988 3119 aaut
999 3079 1094 3119 omuibus
1104 3080 1183 3127 aeultor
1195 3082 1283 3129 param!

221 3314 301 3379 least,
311 3320 391 3386 great
402 3315 524 3388 danger;
542 3334 573 3372 so
585 3317 648 3372 thet
661 3317 710 3373 the
722 3317 904 3389 punishment
917 3317 953 3372 be
967 3316 1116 3388 conjoined
1129 3312 1196 3369 with
1210 3320 1325 3386 proteo·

221 3400 282 3453 tion
301 3401 409 3470 against
423 3402 518 3456 futuro
532 3402 667 3467 mischief,
685 3419 718 3457 or
731 3403 768 3457 be
779 3420 797 3456 a
809 3402 924 3457 defense
936 3403 970 3457 of
981 3401 1112 3457 offended
1126 3401 1244 3473 dignity,
1258 3416 1291 3454 or
1305 3417 1326 3456 a

220 3485 337 3556 remedy
351 3492 381 3540 to
396 3503 414 3540 a
424 3487 583 3557 pernicious
598 3488 733 3559 example.

275 3570 338 3624 XL.
379 3577 392 3624 1
416 3572 444 3626 It
465 3573 537 3626 isto
558 3573 593 3627 be
613 3572 785 3628 understood
807 3573 866 3628 also
883 3572 946 3628 that
963 3572 1053 3643 linga,
1068 3570 1125 3625 and
1143 3570 1212 3641 they
1229 3570 1326 3627 whose

221 3654 312 3725 rights
327 3672 375 3709 are
391 3657 425 3711 of
442 3656 491 3712 the
512 3663 612 3712 nature
627 3658 660 3713 of
671 3659 750 3728 royal
764 3659 862 3729 rights,
877 3659 949 3713 hare
968 3657 1017 3712 the
1033 3656 1109 3727 right
1126 3656 1159 3710 of
1178 3658 1324 3728 requiring

220 3740 412 3812 punishment,
433 3750 485 3798 not
502 3743 568 3815 only
586 3744 631 3798 for
648 3744 762 3813 injurios
782 3743 946 3799 committed
961 3743 1071 3813 against
1084 3741 1163 3797 them
1177 3741 1233 3795 and
1248 3743 1325 3798 their

221 3826 352 3896 subjecta,
369 3827 422 3882 but
440 3829 486 3883 for
499 3829 580 3883 those
598 3830 657 3884 also
677 3828 767 3885 which
785 3831 822 3885 do
840 3837 891 3885 not
908 3828 1062 3901 peculiarly
1073 3825 1160 3883 touch
1171 3826 1259 3893 thena
1271 3828 1324 3884 but

221 3911 312 3966 which
324 3915 501 3986 enormously
519 3915 622 3970 violato
641 3915 690 3970 the
705 3915 758 3969 law
773 3915 806 3970 of
821 3922 922 3969 nature
938 3914 995 3969 and
1009 3915 1120 3968 natione
1137 3915 1166 3968 in
1184 3931 1239 3985 any
1257 3930 1325 3984 per·
1378 3985 1380 3989 ι

221 4014 296 4054 sons.
338 4000 395 4053 For
418 3999 467 4054 the
486 4000 589 4073 liberty
611 4001 644 4056 of
662 4001 809 4073 providing
829 4001 875 4056 for
898 4001 1004 4055 humen
1027 4001 1134 4071 society
1152 3999 1190 4070 by
1207 3999 1324 4070 punish-

222 4091 309 4149 ment,
323 4084 414 4140 which
428 4092 458 4140 at
471 4085 540 4151 first,
560 4104 591 4141 as
611 4104 652 4141 we
666 4087 884 4151 hareeaid‚was
898 4088 928 4140 in
942 4086 992 4141 tho
1007 4085 1140 4140 handsof
1149 4085 1324 4149 individuale,

222 4170 280 4234 did,
292 4171 371 4225 when
386 4178 472 4226 states
484 4172 541 4226 and
552 4173 689 4228 tribunale
701 4191 773 4228 wore
785 4173 941 4236 instituted,
953 4173 1004 4226 fall
1019 4178 1048 4226 to
1066 4170 1115 4226 the
1126 4171 1207 4225 share
1225 4170 1258 4223 of
1273 4171 1324 4224 the

221 4272 352 4328 supremo
364 4258 537 4322 authorities,
552 4265 603 4314 not
617 4260 748 4331 properly
762 4276 793 4314 as
805 4258 1001 4330 commanding
1013 4258 1116 4321 others,
1130 4256 1182 4310 but
1196 4272 1226 4308 as
1238 4255 1325 4326 being

222 4341 391 4399 themselves
416 4345 526 4417 subject
549 4352 579 4400 to
603 4361 687 4402 none.
731 4346 789 4400 For
813 4345 970 4415 subjection
987 4343 1056 4399 took
1076 4359 1155 4414 away
1172 4341 1221 4395 the
1247 4341 1328 4412 right
