2834 4920
92 282 162 340 cnr.
177 280 262 352 XX.]
536 287 589 341 DE
610 288 747 344 POENIS.
1132 276 1195 342 269

90 449 230 534 peduee,
255 456 340 512 certe
364 468 465 534 queam
486 452 663 535 prophetia
686 451 856 537 manifecte
873 461 1067 527 cebrcuerat,
1088 463 1118 517 et
1134 473 1197 517 mc·

97 548 238 611 morium
255 546 387 629 injuria
407 548 583 632 prohiberes
607 561 638 614 ct
662 550 815 614 ultiouem
840 552 887 615 ad
908 552 1016 614 Deum
1038 552 1196 635 redicem.

96 648 155 710 Ita
177 647 209 711 ei
227 647 309 731 quid
333 647 486 713 Christue
512 649 636 724 intulit,
659 670 723 713 nou
745 650 947 726 adouacrio,
970 651 1027 715 eed
1049 651 1197 733 adjutore

92 756 266 831 praeopto,
291 766 354 810 uua
376 747 538 812 dcetruuit
559 749 755 833 discipliuae
778 749 952 815 Creatorie.
1002 751 1150 834 Denique
1166 752 1198 815 ei

96 847 135 909 in
159 846 268 928 ipeam
292 846 453 909 rationem
471 848 645 930 patimtioe
661 849 901 933 pracipieudoe,
923 860 954 913 et
976 850 1104 933 quidem
1130 861 1198 914 tum

92 944 201 1030 plena
217 955 314 1027 atque
331 946 486 1028 perfecta
506 948 749 1022 consideremus,
770 968 834 1011 aare
854 949 1004 1012 emeietet
1024 950 1056 1013 ei
1071 970 1135 1013 recu
1152 961 1199 1014 eet

100 1045 279 1119 Creatorie,
297 1045 356 1128 qui
380 1045 562 1109 uindictam
585 1048 795 1130 repromittit,
811 1048 868 1133 qui
882 1046 1028 1129 judicem
1044 1059 1195 1132 praetat.

98 1143 238 1228 Alioqui
252 1144 284 1208 ei
301 1153 428 1206 tuntum
445 1146 619 1228 patientia
635 1146 767 1229 pondus
782 1169 846 1211 aare
862 1146 955 1210 modo
971 1168 1036 1211 nou
1051 1168 1198 1229 repercu-

101 1243 214 1316 tiendi,
235 1243 292 1307 eed
312 1252 343 1306 et
365 1242 470 1306 aliam
491 1243 665 1308 maxillam
683 1244 860 1326 prabmdi,
882 1257 912 1309 et
932 1266 995 1310 mou
1016 1247 1110 1311 modo
1135 1269 1199 1311 ιιοιι

99 1341 361 1415 remaledicemli,
381 1342 438 1405 aed
454 1344 554 1406 ctiam
571 1343 784 1419 benedicendi,
806 1355 836 1409 et
850 1365 914 1408 aaa
933 1346 1026 1409 modo
1042 1366 1106 1409 uon
1122 1347 1199 1410 reti-

99 1440 201 1505 nendi
225 1441 380 1515 tunicam,
401 1441 458 1504 eed
480 1442 624 1525 amplius
645 1452 676 1506 et
694 1442 841 1526 pallium
857 1444 1048 1508 concedendi
1066 1445 1096 1506 ie
1116 1447 1199 1509 mihi

100 1541 249 1623 imponit,
268 1540 326 1624 qui
342 1560 405 1603 uon
422 1540 467 1604 eit
491 1561 540 1605 me
560 1542 759 1623 deJ‘eneeerue,
781 1543 818 1605 ira
839 1563 978 1606 uacuum
997 1544 1199 1627 patientiam

94 1640 347 1724 praecpitem
370 1639 520 1704 erhibeue
544 1640 628 1703 mihi
651 1642 824 1705 mercedem
843 1643 1008 1726 precepti,
1028 1644 1200 1726 patientia

100 1739 175 1803 dico
191 1738 354 1821 fructum,
377 1739 464 1821 quod
485 1750 531 1803 eet
553 1739 648 1813 ultio,
669 1760 769 1820 quam
795 1741 878 1805 mibi
892 1743 1081 1826 permim'sec
1103 1743 1199 1807 debu

98 1848 173 1902 erat
196 1839 226 1899 ei
249 1840 318 1921 ipm
336 1857 401 1900 uon
415 1845 644 1920 praetectum
663 1840 694 1902 ei
715 1839 798 1902 mihi
819 1860 883 1903 nou
899 1841 1110 1926 permittebat
1130 1843 1199 1927 ι’ριι

93 1947 281 2023 praeterit,
305 1936 457 2020 quoniam
488 1946 518 2001 et
545 1938 729 2022 diectpiiua
752 1939 884 2004 interret
909 1940 1069 2023 iujuriam
1090 1942 1199 2005 viredi-

99 2037 183 2101 cari.
246 2036 342 2100 Metu
375 2037 458 2100 euim
491 2036 628 2101 ultiouis
659 2039 763 2102 ommis
795 2039 958 2123 iniquitat
989 2042 1197 2124 refrenatur.

101 2137 252 2200 Ceterum
273 2136 403 2219 paseim
434 2136 552 2200 auium
586 2135 744 2212 libertate,
770 2139 995 2202 dominabitur
1028 2150 1200 2225 utrumque

98 2235 229 2300 oculum
249 2235 415 2318 effoeeura,
442 2245 472 2298 et
497 2255 619 2300 emmau
643 2236 768 2300 dentem
793 2238 979 2301 excitatura
995 2259 1071 2322 pra
1092 2239 1200 2323 impu-

98 2335 219 2399 nitatie
233 2334 417 2398 securitate.

176 2434 198 2497 5
231 2431 355 2509 Censet,
373 2439 409 2496 ut
426 2430 577 2506 videmus,
598 2432 808 2498 Tertullianus
824 2455 887 2499 nun
903 2434 995 2499 modo
1012 2434 1199 2502 Christianis

99 2529 339 2619 postulationem
364 2529 489 2595 talionis
513 2551 581 2595 esse
597 2530 737 2609 vetitum,
761 2532 881 2597 sedne
904 2532 1049 2598 Hebraeis
1074 2534 1199 2619 quidem

100 2627 293 2717 permissam,
310 2637 457 2714 tanquam
482 2651 552 2715 quae
578 2629 653 2694 vitio
676 2640 808 2707 careret,
834 2631 890 2696 scd
914 2630 1040 2718 majoris
1061 2632 1134 2697 muli
1155 2634 1200 2699 vi-

99 2726 190 2796 tandi
206 2749 307 2794 eausa.
360 2728 453 2806 Quod
475 2728 550 2815 quin
570 2750 678 2795 verum
701 2729 743 2795 eit
765 2730 805 2795 de
822 2730 878 2796 tali
894 2731 1111 2816 postulatione,
1129 2754 1200 2820 ques

100 2850 142 2893 ex
167 2826 239 2893 odio
255 2825 352 2903 venit,
369 2848 432 2891 non
457 2836 506 2893 est
528 2827 741 2906 dubitandum,
758 2837 795 2894 ut
819 2851 860 2894 ex
878 2830 1090 2916 superioribus
1104 2853 1201 2920 apps-

100 2935 152 2993 ret
212 2925 294 2991 Nam
320 2925 401 2990 hanc
430 2925 636 3013 improbatam
662 2926 755 2991 etiam
780 2927 840 2992 illis
865 2928 919 3014 qui
943 2929 1026 2995 inter
1049 2931 1201 2997 Hebraeos

100 3023 254 3112 sapientia
270 3022 472 3101 excellebant,
490 3047 547 3090 nec
560 3024 638 3113 legis
651 3025 749 3091 verba
761 3034 883 3091 tantum
896 3027 952 3092 sed
966 3036 997 3092 et
1009 3028 1201 3114 propositum

99 3122 312 3201 intuebantur,
330 3144 371 3187 ex
394 3122 525 3189 Philone
549 3132 694 3211 apparet,
719 3124 804 3211 apud
829 3146 920 3210 quem
944 3124 968 3188 J
971 3125 1050 3191 udaei
1067 3126 1201 3192 Alexan·
1214 3149 1334 3199 rame.

101 3221 210 3290 drini
201 3245 234 3286 m
251 3221 355 3287 Flacci
378 3221 402 3284 J
405 3222 565 3288 udaeorum
585 3221 741 3288 vexatoris
757 3222 957 3288 calamitate
948 3231 995 3289 tta
1010 3225 1199 3310 lequuntur:

101 3320 157 3391 obre
159 3317 251 3443 ἔφη
251 3313 430 3398 δὸμεθα,
410 3350 435 3386 ω
420 3312 622 3397 δέσποτα,
640 3325 804 3413 τιμωρίαις
829 3318 963 3414 ἐχθροῦ,
981 3315 1203 3413 δεδιδαγμένοι

101 3416 184 3514 rrpde
209 3422 276 3488 τῶν
300 3418 393 3511 ἱερῶν
419 3414 521 3502 νόμων
544 3416 831 3513 ἅνθρωποπαθεῖν·
864 3444 928 3487 nen
952 3424 1204 3502 delectamenta

98 3588 150 3634 eice
158 3586 222 3633 oculi
230 3588 458 3647 eruerepermirmm
467 3593 508 3644 cet,
517 3592 585 3633 tanta
595 3591 629 3633 eet
677 3586 911 3645 iujuritrjubmtur!
939 3589 1023 3649 (Tem.
1035 3603 1076 3637 111.
1086 3604 1142 3652 peg.
1150 3592 1204 3650 846,

99 3660 212 3709 iracundi
223 3675 303 3721 poena,
317 3667 406 3721 quante
419 3663 496 3723 macie
509 3662 576 3722 apud
588 3676 628 3707 eae
676 3663 731 3712 846.
760 3663 830 3711 Edit.
842 3662 933 3724 Santi.)

98 3738 141 3800 qui
155 3736 223 3783 nala
236 3739 306 3797 paeri
316 3738 423 3797 prebere
436 3751 461 3783 ee
475 3737 626 3783 ulterioribus

98 3982 231 4038 Withont
244 3982 311 4048 this,
324 3982 450 4037 violence
465 3981 557 4035 would
575 3997 611 4052 go
625 3986 656 4035 te
671 3986 819 4037 extremes.

155 4076 173 4123 6
202 4068 281 4123 Thus
303 4068 461 4123 Tertullinn
481 4065 577 4121 thinks
603 4065 666 4120 that
691 4082 813 4137 revenge
839 4083 894 4121 ιιιι
920 4067 1073 4138 permitted
1095 4072 1127 4123 to
1153 4068 1204 4124 the

99 4154 246 4220 Hebreue,
260 4160 312 4209 not
325 4170 357 4208 ιιι
371 4170 389 4207 a
403 4153 484 4223 thing
497 4151 653 4215 blamelese‚
667 4151 719 4205 but
734 4156 764 4204 to
779 4151 861 4205 avoid
875 4168 893 4205 u
906 4160 1019 4223 greater
1032 4154 1097 4209 evil.
1137 4153 1202 4207 And

100 4239 183 4295 this
175 4257 200 4295 ιι
224 4238 419 4310 undoubtedly
441 4237 491 4293 the
515 4253 588 4300 enee,
607 4235 675 4292 with
696 4235 765 4290 euch
788 4236 909 4290 demand
928 4236 962 4291 ot
1169 4254 1203 4293 ιι

98 4324 238 4398 proceeds
252 4324 326 4380 from
341 4324 448 4388 urath3
465 4322 520 4377 und
540 4339 572 4377 ιο
587 4322 636 4376 the
648 4337 770 4392 purpose
763 4234 1332 4636 m]

98 4427 132 4478 ιιι
145 4426 267 4485 appears
281 4411 312 4465 iu
327 4409 418 4465 Philo.
454 4408 519 4464 And
532 4408 623 4465 thiais
638 4407 687 4463 the
700 4405 783 4477 point
1210 4420 1222 4454 .’
