2834 4920
147 247 334 316 cnr.xl11.]
519 249 571 301 Dr:
592 246 882 303 JUREJURANDO.
1190 237 1249 298 101

148 415 323 504 depositum
341 435 382 479 ex
399 410 465 500 ipso
488 412 626 501 gentium
646 411 718 498 jure
736 412 948 478 ¹¹reddendum
971 411 1095 490 latroni,
1113 411 1139 477 si
1156 412 1252 479 domi-

148 538 209 583 uus
226 536 288 580 non
304 520 445 599 apparet,
464 521 548 576 recte
565 534 585 577 s
600 512 804 600 Tryphonino
822 534 1002 600 responsum
1020 520 1076 578 est.
1263 536 1328 575 nn.
1339 537 1365 575 n.

227 618 249 680 3
284 614 391 691 Quare
407 613 541 698 probare
558 633 619 675 uon
643 632 766 697 possum
786 612 869 697 quod
886 634 905 676 n
922 612 1103 697 quibusdum
1122 621 1170 679 est
1186 621 1253 679 trs-
1264 582 1355 631 Dm

149 716 261 790 ditum,
293 735 363 779 eum
395 710 449 797 qui
478 710 618 797 prsedoui
640 710 802 796 quicquum
826 711 1011 797 promiserit,
1037 722 1253 779 momentanee

149 814 303 880 solutione
319 833 409 898 posse
426 809 563 897 defungi,
581 810 626 875 ita
643 818 678 875 ιιι
694 809 786 875 liceat
802 809 831 874 ei
848 811 931 895 quod
947 809 1040 876 solvit
1055 832 1251 897 recuperare.

150 914 259 980 Verbo
284 911 365 976 enim
391 910 423 975 in
445 909 624 997 juramento
650 908 752 994 quosd
780 910 882 974 Deum
911 909 1132 996 simplicissime
1157 919 1253 997 utque

150 1014 231 1079 odeo
246 1033 317 1078 cum
331 1010 442 1077 effectu
459 1018 532 1074 suut
547 1007 759 1095 intelligendu.
802 1010 906 1094 Atque
923 1008 993 1074 ideo
1009 1008 1063 1094 qui
1079 1009 1196 1075 redivit
1211 1009 1253 1074 ud

151 1115 273 1178 hostem
301 1110 390 1188 clem,
416 1108 591 1194 iterumque
620 1106 706 1184 abiit,
738 1129 800 1172 uon
829 1107 978 1173 satisfecit
1003 1107 1183 1195 juramento
1212 1109 1253 1175 de

152 1212 266 1287 reditu,
284 1218 320 1277 ut
335 1217 421 1275 recte
437 1230 457 1275 u
473 1216 583 1273 senatu
600 1207 741 1271 Romano
754 1206 928 1292 judicatum
944 1217 1001 1275 est.

229 1311 317 1377 XVI.
371 1310 390 1372 1
425 1307 508 1373 Illud
525 1328 601 1373 vero
617 1304 803 1371 Accianum:
1265 1315 1284 1354 A
1315 1314 1401 1402 effi

282 1430 315 1484 T.
361 1429 482 1499 Fregisti
496 1427 589 1482 fldem.

280 1517 317 1570 A.
362 1515 454 1580 Quum
472 1530 564 1585 neque
586 1512 661 1582 dedi,
682 1531 775 1586 neque
796 1513 833 1567 do
851 1512 959 1568 infideli
980 1514 1118 1587 cuipiam:

155 1616 207 1681 lte
223 1614 347 1681 demum
368 1612 497 1700 probari
515 1620 630 1698 potest,
653 1612 678 1678 si
697 1612 806 1699 jurato
828 1611 988 1697 promissio
1005 1622 1115 1699 aperte
1131 1635 1254 1701 respec-

153 1725 221 1780 tum
249 1713 394 1780 habuerit
419 1711 547 1777 ulterius
576 1712 793 1797 promissionis,
823 1713 912 1796 ⁰quae
940 1711 970 1777 ei
998 1712 1087 1799 quusi
1118 1713 1254 1780 conditio

154 1814 250 1879 fuerit
265 1812 423 1900 implicite,
442 1833 505 1877 non
529 1811 555 1876 si
576 1811 692 1877 diversi
713 1810 838 1900 generis
860 1811 923 1876 sint
944 1812 1106 1899 promisse,
1125 1822 1158 1879 et
1176 1813 1311 1933 citrei:⁸
1404 1849 1405 1857 ι

154 1923 329 2001 respectum
346 1920 507 1977 mutuum·
533 1918 609 1977 tunc
625 1910 706 1977 enim
723 1910 846 1976 omnino
863 1912 1049 1977 servandum
1067 1911 1177 1998 cuique
1194 1888 1275 1979 erit
1266 1887 1394 1981 erum

154 2012 271 2098 quod
262 2035 328 2099 rpse
345 2009 476 2098 jurarit.
517 2009 622 2096 Atque
645 2012 703 2076 hoc
726 2009 850 2076 nomine
874 2010 1031 2100 Regulum
1056 2011 1235 2079 lsudsns
1211 2034 1256 2079 sic

155 2112 319 2198 compellet
337 2110 430 2177 Silius
445 2109 527 2193 (Lib.
546 2131 589 2176 ιι.
607 2132 688 2176 vers.
705 2112 758 2187 63,
777 2111 853 2193 64);

341 2232 404 2297 Qut,
418 2231 535 2302 longum
549 2247 661 2303 sempor
674 2230 751 2285 semu
765 2231 900 2302 gliscente
914 2248 966 2302 per
980 2248 1079 2297 sevum,

340 2319 439 2375 Infidis
453 2334 577 2373 serrusse
591 2316 677 2373 tidem
692 2317 884 2372 memorabere
899 2318 1001 2372 Poenis.

154 2473 224 2522 Deo.-
250 2472 443 2534 Jumsnruu,
469 2488 517 2535 per
539 2475 624 2532 Deum,
645 2476 680 2522 sit
729 2474 802 2520 sibus.
816 2472 930 2534 Polybius
938 2472 1254 2532 (Ecwpt.deVirt.etVit.

155 2549 207 2610 ipse
222 2548 323 2606 Auctor,
335 2550 425 2597 Adnot.
440 2550 464 2596 lu
480 2550 580 2596 Numer.
590 2564 646 2596 xxx.
656 2551 679 2596 3.
729 2563 754 2610 p.
763 2550 829 2596 1470.
841 2548 889 2595 Ed.
897 2547 982 2607 Διιιιι.)
992 2552 1018 2594 et
1031 2548 1152 2595 Diodorus
1163 2548 1257 2596 Siculus

157 2625 247 2672 Couler
262 2624 430 2671 Pursnuosr.
446 2622 486 2671 De
500 2624 563 2670 Jure
578 2622 639 2669 Nat.
658 2628 681 2670 et
729 2625 754 2671 ln
766 2624 884 2684 excerptis
892 2624 1042 2680 Peiresisnls,
1051 2624 1085 2683 (p.
1093 2625 1156 2682 3³4.)

158 2700 226 2747 Gent.
237 2700 291 2745 Lib.
303 2712 339 2745 rr.
349 2713 402 2759 esp.
413 2702 435 2746 2.
447 2698 461 2759 ξ
472 2700 496 2746 8.
775 2709 786 2733 ⁰
804 2701 860 2760 Quo
870 2701 892 2746 ei
901 2701 972 2760 qumi
983 2701 1169 2762 conditiofuerit
1179 2701 1257 2762 impli-

200 2784 212 2810 ὓ
226 2775 378 2822 Reddendum
388 2774 488 2836 latroni]
505 2775 613 2835 Eteiqui
624 2789 680 2836 reg-
730 2774 789 2836 citu]
802 2777 831 2823 C.
841 2777 957 2836 pervenit,
967 2777 1031 2836 quod
1043 2782 1079 2824 est
1090 2791 1130 2824 ιιι.
1143 2778 1172 2824 dc
1181 2779 1257 2824 Jun-

155 2865 214 2897 uum
228 2851 280 2897 sine
295 2851 351 2912 jure
365 2851 459 2907 invasit,
476 2851 596 2910 quemodo
617 2851 681 2898 Oro·
724 2851 840 2908 jurando.
857 2851 928 2897 Adde
941 2851 958 2896 l.
971 2852 1026 2911 lege
1038 2852 1123 2907 fundo,
1138 2855 1160 2900 5.
1173 2853 1198 2898 iu
1209 2853 1258 2899 line

155 2926 218 2972 ferni
237 2925 372 2986 depositum
392 2925 512 2972 redditum
531 2939 546 2970 s
565 2925 682 2972 Prieneu-
732 2926 764 2973 D.
776 2925 1040 2985 delepecousms'ssoria.
1207 2915 1209 2919 ’

211 3182 227 3233 3
248 3175 416 3231 Wheret'ore
428 3175 443 3230 1
457 3181 561 3231 cannot
573 3192 696 3248 approre
710 3175 786 3230 what
805 3176 828 3230 is
848 3174 989 3230 delivered
1001 3175 1040 3247 by
1051 3190 1129 3230 some
1140 3175 1256 3242 writers,

157 3261 221 3318 thst
231 3261 268 3318 he
279 3262 341 3316 who
351 3261 403 3315 hus
414 3262 554 3333 promised
567 3262 703 3334 anything
715 3269 745 3317 ιο
756 3280 774 3317 ιι
785 3262 888 3316 robber
899 3278 963 3332 moy
975 3260 1120 3332 discharge
1131 3261 1174 3315 his
1186 3261 1257 3333 duty

158 3349 196 3420 by
210 3366 228 3403 u
238 3354 414 3419 momeutsry
425 3354 567 3420 puyment,
579 3348 634 3403 eud
643 3348 679 3403 be
690 3348 808 3403 allowed
823 3347 969 3403 forthwith
984 3354 1014 3402 to
1023 3348 1089 3402 tuke
1098 3348 1170 3403 buck
1182 3347 1257 3403 whut

158 3434 196 3490 he
209 3434 260 3489 hes
272 3434 347 3506 peid.
382 3434 439 3490 For
451 3435 541 3489 words
555 3434 624 3490 used
640 3435 669 3488 iu
681 3452 717 3488 un
733 3434 809 3500 esth,
824 3435 880 3488 ond
892 3451 933 3499 so,
947 3435 1067 3489 towards
1081 3434 1153 3498 (iod,
1165 3449 1215 3489 are
1226 3442 1257 3490 to

158 3519 194 3576 bc
209 3520 381 3576 understood
402 3521 469 3574 with
491 3520 582 3574 entire
597 3521 762 3592 simplicityr
787 3520 843 3574 und
862 3520 1013 3585 therefore,
1035 3538 1067 3575 so
1089 3537 1120 3575 ss
1137 3525 1168 3575 to
1186 3519 1258 3576 here

158 3607 250 3661 effect.
273 3604 338 3659 And
347 3604 498 3670 therefore,
509 3605 546 3660 hc
560 3606 622 3660 who
637 3606 770 3660 returned
780 3613 810 3660 to
820 3605 869 3661 the
877 3623 978 3678 enemy
988 3607 1190 3678 claudestioely
1201 3606 1258 3660 und

158 3708 238 3747 csme
257 3708 335 3763 ewuy
352 3691 445 3761 egeln,
463 3692 511 3745 did
531 3699 581 3746 not
599 3692 697 3763 sutissy
711 3691 755 3746 his
770 3691 838 3746 ooth
854 3691 917 3746 thut
933 3691 970 3747 he
988 3693 1079 3747 would
1097 3698 1205 3757 return,
1226 3709 1258 3747 us

158 3795 212 3833 was
227 3777 332 3850 rightly
345 3776 452 3849 judged
467 3776 505 3848 by
520 3776 568 3832 the
583 3779 693 3832 Romen
710 3779 822 3832 Senote.

215 3862 297 3918 XVI.
335 3869 349 3918 1
371 3862 428 3918 Are
440 3863 563 3918 catheto
575 3880 592 3917 u
604 3862 729 3918 faithless
743 3880 846 3935 person
860 3870 911 3918 not
922 3869 952 3920 to
962 3863 999 3919 be
1010 3864 1090 3935 kept:
1107 3881 1137 3919 ss
1149 3862 1259 3930 Accius,

158 3949 265 4021 quoted
276 3949 305 4002 in
322 3948 441 4004 cicero’s
456 3949 552 4022 Offices
571 3949 671 4003 holds?

216 4034 320 4090 Notis
335 4033 384 4090 the
402 4052 492 4090 swern
506 4037 629 4107 promise
643 4034 701 4089 hed
721 4035 863 4107 evidently
883 4041 994 4106 respect
1013 4041 1044 4091 to
1058 4035 1178 4091 onother
1195 4054 1260 4109 pro·

159 4120 229 4175 mise
246 4119 337 4175 which
355 4138 410 4176 wss
432 4127 526 4175 esort
544 4121 577 4175 of
596 4121 713 4193 implied
737 4122 890 4177 condition.
928 4122 986 4175 But
1006 4121 1075 4193 they
1100 4139 1149 4177 uro
1170 4130 1200 4178 te
1224 4124 1281 4178 be·

158 4204 237 4277 kept,
251 4206 277 4261 if
288 4206 338 4262 the
346 4207 482 4278 promises
496 4223 545 4262 ure
560 4207 593 4261 ol
604 4224 622 4260 s
636 4207 745 4262 diverse
759 4207 837 4271 kind,
849 4207 904 4261 sud
920 4207 1038 4262 without
1047 4209 1157 4263 mutual
1171 4209 1260 4263 reler-

159 4308 246 4347 once:
268 4292 315 4348 for
335 4291 404 4347 then
423 4292 493 4347 euch
511 4299 586 4346 must
600 4293 716 4347 observo
740 4292 815 4346 whct
833 4292 870 4347 he
890 4292 942 4347 hes
964 4310 1063 4348 swern.
1109 4293 1173 4347 And
1195 4293 1260 4348 thus

158 4376 284 4449 Regulus
298 4379 322 4433 is
335 4378 445 4451 praised
462 4378 499 4452 by
512 4378 596 4434 Silius
610 4378 656 4434 lor
669 4379 791 4450 keeping
804 4377 877 4433 faith
892 4377 960 4434 with
973 4378 1022 4435 the
1036 4377 1172 4434 ssithless.
