2834 4920
214 236 277 301 162
534 242 587 298 ΒΕ
608 242 984 301 INTERPRE'I'ATIONII.
1185 242 1258 313 [Lm.
1271 245 1309 300 11.

285 410 376 476 VIII.
429 409 517 475 Inter
539 428 578 473 ea
598 429 668 494 quae
688 414 721 474 et
742 407 809 474 loco
832 408 994 496 conjuncta
1016 415 1098 486 sunt,
1120 407 1182 473 vim
1204 408 1313 496 prasci·

212 531 305 597 puam
321 509 417 575 habet
439 500 542 573 hratio
565 506 653 596 legis,
670 529 764 594 quam
781 529 851 574 eum
874 517 978 574 mente
1000 507 1089 574 multi
1109 508 1311 586 confundunt,

213 633 282 676 cum
298 630 392 674 uuum
408 607 450 675 sit
465 629 505 673 ex
519 606 639 673 indiciis
655 607 767 692 quibus
781 616 917 674 mentem
931 629 1091 674 venamur.
1132 609 1191 673 Est
1206 616 1312 674 mmen

213 709 295 776 inter
314 707 506 795 conjecturas
528 707 597 772 haec
617 705 815 783 validissima,
838 706 865 772 si
887 714 973 773 certo
996 713 1116 773 constet
1135 706 1239 793 aliqua
1261 729 1312 773 ra·

212 808 296 875 tione
320 816 467 893 tanquam
500 827 592 872 eausa
612 804 703 871 unica
727 805 919 872 voluntatem
948 805 1042 873 fuisse
1068 814 1204 884 motam;
1238 829 1312 873 nam

212 929 297 994 saepe
319 907 456 973 rationes
476 914 549 972 sunt
573 905 697 991 plures:
721 903 878 970 interdum
899 913 932 971 et
952 914 1069 992 praeter
1090 906 1241 972 rationem
1258 927 1312 972 wo·

212 1005 316 1071 luntas
338 1014 435 1071 semet
455 1027 496 1071 ex
512 1004 544 1070 wi
557 1002 710 1068 libertatis
733 1025 798 1069 suae
814 1003 1011 1086 determinat,
1031 1005 1114 1091 quod
1136 1005 1178 1070 ad
1192 1004 1313 1092 obliga-

212 1105 327 1171 tionem
344 1103 574 1190 producendam
594 1100 713 1168 sufficit.
760 1103 830 1167 Hoc
846 1102 937 1167 modo
960 1103 1102 1169 ⁸donatio
1126 1105 1166 1170 ob
1189 1104 1312 1191 nuptias

211 1201 371 1269 sectarim
387 1224 449 1267 non
466 1201 602 1277 habebit,
621 1200 647 1266 si
663 1199 781 1288 nuptiae
797 1209 911 1267 secutae
925 1222 988 1266 non
1002 1200 1074 1267 sint.

287 1303 345 1367 IX.
398 1303 555 1368 Caeterum
576 1299 732 1366 sciendum
749 1309 806 1376 est,
832 1321 924 1366 uoces
944 1300 1056 1366 multas
1078 1302 1195 1367 habere
1217 1300 1312 1389 signi-

211 1400 370 1467 ficationes
386 1401 500 1488 plures,
518 1400 650 1466 alteram
666 1398 860 1476 strictiorem,
879 1399 1011 1466 alteram
1031 1398 1201 1467 laxiorem:
1228 1401 1312 1486 quod

213 1500 318 1566 multis
335 1523 375 1566 ex
391 1499 490 1567 causis
506 1499 619 1577 euenit,
636 1506 693 1564 aut
713 1499 785 1585 quia
801 1499 972 1586 specierum
989 1498 1042 1564 uni
1059 1521 1171 1565 nomen
1188 1499 1312 1589 generis

212 1600 362 1678 adhaeret,
380 1610 416 1667 ut
430 1599 462 1664 in
479 1600 603 1665 vocibus
620 1598 811 1686 cognationis
828 1607 860 1664 et
876 1598 1058 1685 adoptionis,
1076 1598 1151 1665 item
1167 1599 1201 1664 in
1216 1598 1312 1664 nomi-

212 1700 302 1765 nibus
318 1699 501 1776 masculinis,
525 1720 595 1784 quae
616 1698 709 1764 etiam
726 1719 784 1784 pro
807 1698 1017 1764 communibus
1039 1697 1118 1763 sumi
1135 1699 1235 1764 solent
1257 1697 1311 1762 ubi

212 1799 325 1864 desunt
341 1799 530 1876 communia,
555 1806 610 1863 aut
625 1797 699 1883 quia
719 1819 791 1862 usus
807 1797 885 1863 artis
907 1797 999 1862 latius
1024 1805 1112 1883 patet
1126 1819 1218 1884 quam
1236 1817 1309 1862 usus

174 1897 177 1901 ’
212 1898 379 1984 popularis,
397 1906 433 1963 ut
448 1890 545 1962 imors
560 1896 593 1961 in
606 1896 678 1982 jure
695 1895 777 1961 civili
793 1896 835 1961 ad
854 1895 1102 1984 deportationem
1118 1895 1310 1983 producitur,

213 2019 282 2063 cum
297 1998 381 2084 apud
397 1998 544 2085 populum
561 1995 646 2061 aliud
663 1995 824 2084 significet

256 2171 269 2205 ¹¹
284 2173 358 2219 Ratio
367 2173 436 2234 leyis]
448 2174 533 2221 Cicero
541 2187 584 2234 pro
594 2172 624 2219 Δ.
633 2172 741 2219 Coeciua:
787 2173 867 2227 clterss,
878 2176 920 2218 aut
930 2172 1034 2230 libertum,
1044 2177 1087 2218 asrt
1095 2172 1182 2232 palcis,
1192 2172 1235 2232 qui
1244 2171 1312 2217 illam

212 2247 269 2295 Non
284 2249 337 2295 ulla
352 2254 386 2295 ert
403 2250 466 2295 ratio
476 2249 543 2306 jurio
560 2249 586 2294 ιιι
600 2248 644 2294 loc
657 2262 740 2308 ymera
787 2246 834 2293 eise
848 2245 1021 2303 ἀοέοιιοκεοιοι
1036 2251 1076 2292 tuo
1091 2252 1185 2306 royctu,
1208 2251 1250 2292 urst
1272 2251 1312 2291 suo

212 2323 336 2382 damnant,
351 2330 428 2370 utrum
437 2339 472 2370 me
481 2329 535 2370 tuus
543 2328 689 2384 procurator
698 2323 739 2369 ds-
787 2323 877 2368 msulae
880 2321 977 2381 ficcrs't.
1009 2324 1019 2380 (
1024 2321 1085 2382 Cap.
1095 2323 1146 2380 20.)

205 2398 299 2457 jeceris,
309 2400 331 2446 ιι
340 2400 382 2460 pul
392 2400 492 2460 leytrime
498 2397 740 2458 procuratordicitur
831 2395 842 2424 ⁸
857 2395 1000 2455 Exemplum
1011 2395 1075 2442 istud
1089 2410 1137 2443 non
1147 2410 1191 2443 suo
1200 2396 1254 2443 loco
1267 2410 1312 2456 pc·

212 2476 313 2521 emnium
323 2489 400 2521 nrum
410 2475 460 2533 eius
469 2474 511 2534 qul
523 2475 549 2520 ιο
558 2473 636 2520 Italr'a
645 2487 691 2519 noa
698 2473 739 2530 sit,
787 2472 867 2529 situm,
884 2485 958 2532 quum
968 2472 1088 2532 pertInsat
1097 2473 1128 2519 ad
1139 2473 1268 2533 superiora,
1284 2472 1313 2518 Sl

212 2551 301 2596 absitve
313 2550 449 2610 rolpcblleoe
462 2563 543 2607 causa,
558 2549 629 2607 quast
642 2546 739 2607 quidam
787 2552 849 2594 certo
871 2552 957 2595 constes
975 2548 1061 2607 aliqua
1083 2548 1176 2594 ratione
1193 2553 1313 2607 tamquam

208 2639 276 2684 pane
285 2625 398 2682 dominum,
412 2625 456 2670 lsoc
465 2629 506 2679 ert,
520 2621 664 2678 alienijurs's
673 2623 738 2667 vica·
786 2634 873 2667 mursa
882 2622 960 2677 unica,
975 2621 1019 2668 duc.
1050 2623 1144 2669 Deinde
1154 2622 1188 2668 ibi
1198 2623 1258 2667 nihil
1268 2623 1312 2667 ob-

213 2700 281 2745 rias.-
300 2715 332 2745 an
345 2705 399 2747 taus
410 2699 512 2755 colonus,
526 2702 569 2743 cert
584 2696 681 2753 vicinas,
695 2700 739 2743 aut
787 2709 891 2753 scurum,
911 2696 971 2741 nihil
986 2697 1138 2758 mubignnm:
1160 2701 1186 2744 et
1202 2697 1312 2756 exceptio

278 2942 358 2996 VIII.
402 2941 444 2996 of
461 2942 555 3014 thIngs
570 2942 718 3013 conj0ined
732 2943 762 2997 in
781 2943 858 3007 tima,
872 2942 935 2998 that
946 2941 1037 2997 which
1054 2941 1105 2998 has
1123 2941 1172 2997 the
1186 2946 1310 3013 greatest

213 3028 300 3094 sorec,
313 3029 336 3083 is
354 3027 403 3084 the
422 3045 523 3084 reason
537 3029 570 3083 os
585 3028 634 3084 the
648 3029 709 3093 law,
722 3029 814 3084 which
828 3045 913 3101 many
924 3028 1066 3084 coniound
1077 3028 1145 3083 with
1159 3028 1208 3083 the
1219 3028 1312 3081 inten-

213 3116 282 3179 tion,
301 3114 408 3185 though
425 3115 455 3168 in
476 3116 535 3170 fact
552 3116 575 3169 it
596 3117 620 3170 is
642 3131 696 3171 one
713 3115 748 3169 of
767 3115 817 3171 the
838 3115 1005 3171 indicatione
1024 3116 1063 3187 by
1074 3114 1163 3169 which
1178 3131 1220 3170 wo
1235 3120 1312 3168 traco

213 3201 263 3256 the
285 3202 434 3256 intention.
479 3202 536 3256 But
561 3218 664 3273 among
688 3203 869 3272 conjectures,
892 3201 947 3257 thia
969 3202 993 3257 is
1015 3202 1064 3257 the
1085 3206 1233 3271 strongest,
1246 3200 1272 3252 if
1290 3200 1313 3253 lt

213 3302 319 3357 appear
333 3286 469 3356 certainly
488 3287 550 3341 that
571 3286 620 3341 the
642 3286 698 3339 will
715 3304 770 3342 was
788 3288 889 3343 mosed
906 3288 944 3358 by
965 3303 1021 3358 any
1042 3303 1143 3342 reason
1164 3303 1195 3340 aa
1215 3302 1233 3340 a
1254 3285 1314 3340 sole

214 3387 312 3433 causc;
329 3370 469 3424 forthere
488 3387 537 3426 are
558 3371 637 3425 often
655 3372 763 3425 several
784 3388 915 3435 ressons3
932 3371 989 3424 and
1010 3373 1170 3426 sometimes
1191 3370 1241 3425 the
1258 3370 1314 3423 will

214 3455 383 3509 detormInes
395 3455 474 3508 itsclf
486 3455 523 3526 by
534 3455 570 3510 its
587 3454 691 3525 liberty
706 3456 764 3509 and
785 3456 903 3510 without
924 3455 1025 3524 regard
1044 3461 1074 3509 ιο
1091 3469 1200 3517 reason,
1222 3452 1312 3507 which

214 3541 323 3597 sufficcs
333 3540 379 3594 for
392 3540 548 3611 producIng
563 3556 600 3593 an
615 3539 776 3609 obligaticn.
822 3540 899 3594 Thus
914 3555 932 3593 a
946 3538 1081 3594 donaticn
1095 3537 1177 3591 mado
1197 3538 1227 3589 in
1245 3553 1312 3591 con-

215 3626 382 3696 templatIon
407 3625 441 3678 cf
462 3641 480 3679 a
502 3625 640 3695 marriage
662 3624 713 3680 has
736 3642 773 3681 no
797 3641 892 3698 power
909 3624 935 3678 if
950 3622 1000 3679 the
1017 3625 1155 3693 marrlage
1172 3620 1240 3677 does
1261 3629 1313 3676 not

214 3711 317 3766 follow.

273 3797 325 3852 IX.
361 3798 419 3852 But
433 3796 456 3850 it
470 3796 493 3851 is
508 3801 538 3852 ιο
552 3796 589 3853 be
603 3796 760 3861 remarked,
775 3796 837 3852 that
851 3813 936 3867 many
953 3794 1043 3850 words
1056 3793 1128 3850 haro
1140 3792 1247 3850 several
1258 3793 1313 3864 sig-

215 3883 380 3947 nifications,
391 3899 453 3948 one,
468 3882 587 3947 strictcr‚
600 3900 662 3948 one,
676 3883 770 3949 laxer3
784 3882 875 3936 which
891 3882 1018 3953 happens
1034 3879 1080 3935 for
1098 3897 1184 3952 many
1198 3895 1311 3934 causes:

216 3969 307 4024 either
320 3970 441 4024 because
453 3968 502 4024 tho
515 3985 599 4024 name
621 3969 654 4024 os
666 3968 715 4024 the
728 3986 817 4040 genus
832 3967 1066 4040 laappropriated
1085 3974 1115 4022 ιο
1130 3983 1184 4021 οοο
1198 3965 1313 4036 species,

216 4071 247 4109 aa
270 4056 300 4108 in
322 4056 371 4110 the
388 4055 465 4110 word
483 4056 632 4127 cognatior,
653 4054 752 4120 which,
774 4055 906 4126 meaning
927 4071 983 4124 any
1001 4052 1192 4123 relationship‚
1207 4052 1230 4106 is
1245 4050 1315 4105 used

216 4141 262 4195 for
285 4157 339 4197 one
360 4141 447 4206 kind3
468 4142 524 4196 and
544 4143 680 4214 adoption,
705 4141 795 4196 which
821 4141 954 4210 meaning
971 4156 1027 4210 any
1048 4138 1222 4209 assumption
1242 4136 1276 4190 of
1297 4153 1315 4190 a

217 4227 335 4292 child‚is
354 4229 424 4284 uscd
438 4228 482 4283 for
501 4245 554 4283 onc
576 4228 643 4283 with
663 4229 770 4282 certain
785 4226 966 4283 formalities:
989 4225 1047 4279 and
1067 4242 1098 4280 so
1118 4225 1146 4277 iu
1163 4222 1316 4277 masculine

216 4314 306 4369 worda
328 4314 418 4368 which
436 4330 485 4369 are
505 4315 575 4369 used
596 4330 627 4369 as
648 4320 827 4369 commento
849 4313 919 4369 both
937 4311 1066 4383 gandera,
1085 4310 1167 4365 wlien
1185 4324 1316 4364 common

217 4399 307 4455 words
322 4417 371 4456 are
382 4400 521 4470 wanting;
543 4417 577 4454 or
590 4399 709 4455 because
726 4399 776 4455 the
797 4415 883 4471 usage
905 4399 938 4454 of
952 4403 997 4454 ort
1019 4398 1041 4452 Is
1059 4413 1138 4452 moro
1160 4394 1231 4449 wido
1248 4392 1317 4448 than
