2834 4920
203 204 267 277 298
649 211 703 266 nn
725 210 864 267 rame.
1183 203 1256 280 [en
1268 209 1308 264 11.

203 377 316 446 merito
337 376 439 445 minus
458 377 565 445 odiosa
586 398 680 464 quam
702 397 773 463 quse
793 399 833 443 ex
848 375 1017 463 voluptatis
1041 385 1211 443 naseuntur
1229 375 1311 444 desi·

203 478 300 555 derio,
326 478 409 565 quod
432 485 465 544 et
489 476 589 543 minus
614 477 778 543 efficaciter
800 486 916 554 movet,
943 484 976 543 et
998 475 1118 543 differri
1140 480 1194 543 yet
1216 476 1309 543 aliam

203 578 263 645 sibi
279 576 442 643 materiam
458 575 525 642 sine
540 575 655 662 injuria
670 596 812 662 quaerere
834 575 955 642 facilius
970 583 1083 662 potest.
1124 574 1310 642 Aristoteles

152 678 493 744 Nicomachiorum
512 675 661 762 septimo:
689 705 708 744 ο
698 671 824 752 θυμός
841 670 1070 770 φυσικώτερον
1086 673 1136 743 eol
1162 671 1181 756 ἡ
1206 683 1309 769 χαλε·

203 805 311 851 nonne
328 778 398 845 τῶν
414 771 654 855 ἐπιθυμιῶν
605 804 672 844 τιον
688 777 749 856 ‘rtis
772 771 964 868 υπερβολῆι
985 773 1039 843 nal
1059 777 1128 845 τῶν
1143 765 1187 856 nsi
1204 773 1308 864 ἀνωγ-

203 876 310 944 καίων
348 878 455 962 napis
484 876 685 941 naturate
670 897 727 940 era
757 887 789 941 et
816 876 981 941 acubitos
1009 897 1112 961 quarn
1140 877 1309 993 cupiditas

204 997 313 1042 eorum
329 998 401 1061 quoe
417 976 547 1041 modum
563 975 722 1041 orcadum
738 975 931 1061 minimeque
946 986 1021 1041 sunt
1038 976 1232 1043 noeoesaria.

280 1076 301 1139 2
337 1073 471 1139 Omnino
493 1072 576 1140 enim
596 1072 673 1139 illud
698 1071 867 1139 tenendum
889 1081 946 1151 est,
964 1094 1026 1160 quo
1046 1072 1142 1141 anmi
1163 1072 1308 1163 eligentis

200 1171 349 1260 judicium
374 1172 474 1261 magis
497 1171 674 1260 impeditur,
700 1193 823 1259 quoqne
850 1171 950 1261 magis
978 1171 1170 1239 naturalibus
1197 1173 1307 1253 eamn,

204 1272 352 1360 eoquod
384 1271 574 1359 delinquitur
602 1269 730 1337 minoris
762 1293 839 1341 esse.
887 1270 1070 1338 Aristoteles
1088 1271 1181 1340 ¹dicto
1205 1272 1306 1341 libro:

204 1374 333 1457 μᾶλλον
349 1365 543 1441 ἀκόλαστον
558 1364 600 1440 ἂν
615 1368 892 1450 circumsecare
906 1400 954 1452 μη
945 1366 1182 1451 ἐπιθυμῶν
1162 1403 1182 1452 η
1201 1368 1307 1463 ἡρέμα

205 1466 367 1541 διώκει
324 1499 386 1541 τοι
403 1466 596 1564 νπιρβολᾶι
613 1499 666 1539 και
657 1465 806 1639 φεινγει
823 1471 959 1598 perpiar
975 1465 1135 1550 λύπαι,
1116 1501 1136 1553 η
1153 1500 1308 1540 τοιουτου

205 1567 297 1644 ὅστις
315 1563 368 1639 διὰ
384 1600 427 1638 το
417 1566 610 1649 ἐπιθυμεῖν
625 1563 719 1664 σφόδ
718 1599 772 1663 pa.
798 1572 835 1640 ‘ri
847 1566 918 1690 ‘peip
933 1562 975 1639 eir
992 1567 1107 1644 ἐκεῖνος
1123 1566 1307 1652 ποιήσαιεν,

204 1672 233 1739 si
259 1666 487 1764 προσγένοιτο
512 1666 670 1750 ἆπιθυμὶα
691 1698 828 1752 νεανικη,
852 1668 905 1737 rai
931 1668 1010 1761 περὶ
1032 1666 1092 1743 τᾶν
1116 1666 1306 1760 ἀναγκαίων

204 1762 322 1844 ἐνδείας
337 1765 455 1851 hiras
446 1769 578 1862 ισχνρᾶ·
601 1771 710 1835 minus
731 1781 960 1855 temperantem
979 1771 1121 1836 dicimus
1135 1772 1229 1846 hunc,
1248 1773 1307 1856 qni

204 1892 228 1935 a
249 1881 338 1936 motu
354 1871 592 1952 concupiscente
607 1880 671 1934 aut
695 1890 759 1934 non
776 1881 926 1945 tentatus,
952 1881 1013 1934 aut
1036 1870 1147 1936 leuiter
1163 1881 1307 1936 tentatus

204 1971 322 2052 quasit
338 1990 479 2034 ιιιοιιιιοι
490 1969 670 2054 uoluptates
680 1979 741 2033 ant
754 1970 934 2034 mediocria
949 1969 1153 2035 incommoda
1169 1971 1305 2054 defupit

203 2089 239 2134 eo
264 2069 322 2153 qui
345 2068 520 2134 uehementi
541 2068 660 2151 affecta
675 2069 876 2152 percellitur.
927 2069 1021 2134 Nam
1042 2070 1124 2154 quiet
1139 2071 1225 2134 idem
1249 2070 1307 2135 itte

193 2168 354 2252 facturus
366 2167 476 2250 pense
490 2167 663 2252 putandus
680 2178 735 2243 est,
760 2168 792 2234 si
806 2168 966 2253 adstitisset
980 2168 1139 2250 juvenilis
1155 2169 1306 2253 quadam

196 2267 406 2352 perturbatio
417 2266 533 2341 ammi,
547 2277 608 2329 aut
621 2267 739 2351 praeis
752 2266 845 2332 dolor
861 2267 1052 2352 eepenuria
1068 2289 1177 2332 enum
1189 2268 1307 2352 quihus

40 2375 169 2464 ἦρξαν
203 2367 331 2451 nepotis
346 2376 471 2431 natura
485 2364 623 2431 donat?
674 2362 805 2443 Quicum
821 2365 965 2433 convenit
979 2364 1057 2431 illud
1072 2364 1280 2452 Antiphanis:

247 2545 392 2592 sEtatiaea
399 2542 732 2601 sitimatcriomineinjuria
779 2544 860 2593 cilium
874 2546 936 2592 enisa
945 2545 1035 2606 facilis
1049 2549 1083 2593 est
1098 2547 1175 2593 omia
1210 2545 1306 2604 Quanto

203 2632 309 2679 quarere
317 2619 423 2679 facilius
433 2614 522 2678 potest]
546 2617 731 2678 chrysostomus
778 2621 1306 2679 aunmnuheres'nDominepcrpetrahitecst,

203 2693 361 2740 edGalalas·
377 2690 522 2751 discripta
535 2691 648 2750 μιξιυπ
615 2691 648 2735 ἐπ
649 2689 731 2748 ιζπιῐ
778 2691 912 2737 νιίιιοιιισ
925 2690 1059 2749 potestatis,
1078 2694 1143 2735 tanto
1161 2690 1307 2748 culpabiitus

203 2769 286 2826 μόνον,
339 2766 439 2814 τοιάνδι
453 2767 529 2827 μίξιν·
546 2765 632 2825 cupido
647 2779 731 2812 concu-
778 2770 867 2812 utnon
877 2765 1000 2812 obseruare
1009 2765 1073 2826 quod
1078 2779 1165 2825 posen
1191 2766 1262 2826 (Cap.
1272 2767 1306 2826 1.)

202 2843 275 2888 lcitum
285 2848 375 2889 tanturn
383 2842 477 2902 querit,
483 2841 731 2899 mtejuemcttnue
778 2845 804 2887 et
819 2854 883 2896 mox,
904 2844 992 2900 quanto
1008 2845 1115 2901 potestus
1137 2840 1230 2887 uitandi
1241 2841 1305 2899 suit

202 2916 355 2963 concubitum.
379 2916 643 2977 (Tonnnpegaoa.)
669 2916 730 2962 Tor·
778 2916 1305 2975 tentocestursaciccrimineoncratur.(0ap.

202 2992 317 3039 tullianus
337 2993 399 3038 libre
419 3005 449 3039 11.
474 2991 509 3038 ad
531 2991 648 3039 Uxorem:
674 3005 730 3037 surs
778 2991 830 3050 ιιι.)
860 2992 931 3039 Adde
943 2991 978 3038 Μ.
989 2991 1149 3049 Antoninum,
1163 2991 1217 3037 loeo
1231 2992 1304 3036 mode

201 3072 290 3128 quomo
296 3066 583 3127 prandiscstcostinentia
592 3066 731 3126 carraque
777 3067 891 3125 indicate,
905 3067 947 3114 ubl
957 3066 1125 3127 Theophrasto
1141 3070 1239 3113 auctore
1254 3066 1303 3111 uti-

202 3143 315 3189 viduitati
329 3143 457 3198 ministret,
471 3146 545 3199 tanto,
558 3142 582 3187 si
596 3156 642 3187 non
658 3143 730 3188 aceti-
777 3147 827 3190 tur.

202 3223 295 3273 nenur,
308 3218 455 3278 ipnoscibitis
467 3216 544 3263 uideri
554 3222 647 3277 potest:
664 3217 731 3280 deffi-
820 3225 831 3250 ¹
848 3215 897 3276 Qui
907 3230 958 3263 curn
968 3217 1000 3263 sit
1013 3216 1109 3276 opulens
1118 3216 1222 3276 nequiter
1237 3215 1305 3276 quic·

203 3477 264 3532 ege,
275 3459 325 3515 the
339 3459 429 3515 other.
474 3459 650 3515 Andronicus
662 3459 761 3530 speaks
780 3459 813 3515 of
830 3460 900 3515 such
914 3461 1082 3532 palliatione.
1128 3461 1209 3517 Thon
1221 3464 1304 3534 again

203 3547 267 3601 fcsr
288 3547 312 3600 is
327 3546 497 3615 augmented
515 3545 554 3618 by
568 3545 617 3600 the
636 3545 757 3616 thought
776 3545 810 3600 of
832 3546 982 3600 imminent
996 3545 1119 3616 (langen
1144 3564 1241 3618 anger,
1265 3550 1304 3621 by

204 3637 301 3687 recent
310 3630 366 3684 end
378 3631 435 3684 still
448 3631 583 3702 smartiug
594 3631 741 3695 vexation3
755 3647 787 3686 eo
800 3630 863 3685 that
875 3630 943 3702 they
954 3647 1048 3686 eearce
1061 3631 1147 3686 suffer
1160 3649 1261 3687 reason
1273 3643 1304 3690 ιο

204 3717 241 3773 be
261 3717 365 3771 heard:
394 3716 449 3769 end
471 3717 687 3787 transgressione
711 3715 802 3771 which
823 3715 889 3771 thus
907 3717 980 3772 arico
1000 3733 1048 3772 are
1063 3717 1228 3791 deserwedly
1248 3720 1304 3776 less

204 3803 302 3859 odious
314 3802 383 3856 than
398 3801 478 3857 those
492 3801 583 3858 which
597 3803 692 3874 spring
706 3808 757 3857 out
771 3801 805 3856 of
816 3802 866 3856 the
881 3802 971 3857 desire
985 3801 1019 3856 oi
1030 3802 1166 3873 pleasure,
1176 3805 1267 3860 which
1279 3807 1303 3862 is

203 3888 274 3945 both
289 3888 387 3943 slower
405 3888 434 3941 in
449 3888 485 3942 its
499 3889 641 3960 impulsos,
656 3889 712 3942 aud
733 3905 798 3960 may
813 3904 892 3942 more
910 3887 996 3959 easily
1008 3887 1044 3942 be
1059 3894 1112 3958 put
1127 3889 1169 3942 eff
1180 3891 1237 3944 and
1256 3892 1303 3946 lod

203 3980 234 4030 to
252 3973 318 4029 scel
339 3973 422 4028 other
434 3980 547 4030 matter.
584 3974 720 4030 hnstotle
734 3974 871 4030 discusses
890 3973 946 4028 this
960 3973 1099 4046 question,
1113 3975 1179 4029 Est.
1199 3976 1302 4031 Nicone.

203 4076 254 4119 vn.
269 4063 295 4118 7.

257 4152 275 4200 2
305 4144 374 4202 This
396 4147 455 4202 also
472 4147 496 4202 is
516 4153 546 4201 to
560 4146 597 4202 be
611 4146 688 4211 held,
701 4145 764 4201 that
777 4145 808 4198 in
821 4145 987 4215 proportior
1001 4161 1032 4199 as
1047 4144 1097 4201 tho
1107 4146 1257 4218 J‘udgment
1271 4146 1305 4202 oi

204 4233 255 4291 the
265 4250 368 4305 person
384 4233 516 4305 choosing
527 4232 571 4288 his
588 4249 686 4288 course
701 4233 726 4287 is
741 4247 819 4285 more
831 4230 970 4301 impeded,
981 4231 1037 4285 and
1052 4231 1090 4303 by
1102 4247 1179 4287 mere
1190 4232 1303 4287 natural

205 4336 312 4387 οιιιιοι,
331 4321 380 4376 the
400 4321 505 4375 offenso
524 4319 548 4373 is
569 4318 633 4374 less.
679 4318 718 4373 So
738 4316 872 4372 Aristotle
887 4317 918 4370 in
932 4316 981 4372 tho
995 4333 1072 4374 same
1087 4317 1175 4389 place.
1221 4317 1304 4372 Anti·
