2834 4920
225 222 268 286 86
592 232 645 286 Du
666 233 957 293 JUREJURANDO.
1198 235 1273 304 [Lm.
1287 239 1324 295 11.

224 418 302 465 veru
326 395 431 464 seuere
456 395 541 463 diota
569 418 701 484 quorum
730 401 834 467 Deum
862 401 1005 469 adhibuit
1033 410 1166 470 testem:
1194 425 1267 469 nem
1299 404 1326 469 ie

223 505 323 573 uetus,
340 496 394 583 qui
419 518 477 583 per
499 518 534 562 ee
559 507 608 563 eet
632 498 842 586 obligatorias,
867 518 907 566 ex
932 501 1035 567 auimo
1058 503 1231 568 deliberato
1253 525 1326 589 pro-

226 596 325 661 oessit.
379 595 438 661 Oui
463 617 653 681 consequent
678 606 726 663 eet
748 608 784 664 ut
808 621 985 687 quanquam
1007 601 1191 689 plerumque
1216 623 1325 668 verum

226 703 275 760 eet
290 693 367 760 illud
384 693 496 771 Tullii;
527 698 622 776 Quod
643 719 682 762 ee
706 700 813 764 enimi
837 702 888 765 tui
914 704 1073 767 tententio
1091 702 1271 785 jurouere‘e,
1286 703 1325 767 id

226 816 290 860 ooo
305 797 422 879 faeere
438 795 625 879 perjurium
650 807 697 861 eet
707 821 721 871 ‚-
744 818 805 882 quo
826 807 859 865 et
879 798 956 865 illud
975 799 1113 887 pertinet
1133 800 1217 889 quod
1237 801 1323 888 epud

60 956 74 984 v
117 910 163 938 ⁸··
226 892 399 961 Homerum
411 893 523 980 jurans
541 893 650 981 Ulyeei
667 895 804 983 Calypso
821 897 887 964 uit:

438 1010 516 1066 Ἀλλὰ
537 1013 570 1066 τὰ
590 1013 638 1082 μὲν
660 1013 723 1071 νοίω
741 1017 783 1070 καὶ
804 1016 969 1089 φράσσομαι.

373 1103 381 1116 ’
439 1116 548 1171 Verum
569 1117 679 1173 enirnue
696 1119 771 1190 quod
792 1122 878 1177 eentit
900 1121 975 1178 idem
992 1121 1099 1194 loquer.

300 1214 322 1277 2
356 1213 394 1279 Id
421 1222 526 1279 tumen
556 1215 637 1281 huno
665 1217 877 1305 exceptionem
905 1220 1031 1297 hebeat,
1061 1219 1120 1285 uisi
1152 1219 1206 1306 qui
1233 1219 1324 1307 juret

223 1309 309 1387 eolat,
337 1320 393 1377 eut
421 1313 624 1398 probabiliter
651 1316 768 1397 credet,
794 1317 835 1384 eb
862 1340 899 1384 eo
926 1318 1049 1405 quicum
1078 1318 1237 1407 negotium
1264 1327 1322 1396 est,

224 1410 323 1480 verbe
339 1409 432 1476 eliter
448 1410 566 1499 eeeipi:
591 1434 663 1478 nem
687 1413 776 1480 dietis
800 1414 876 1504 ipsis
900 1426 1011 1483 testem
1035 1417 1186 1483 edhibene
1208 1418 1322 1492 Deum,

224 1507 318 1575 debet
343 1509 435 1575 diete-
456 1510 561 1576 fecere
584 1533 661 1578 rere
686 1506 852 1599 ‘quomodo
878 1524 969 1603 putet
998 1515 1137 1604 intelligi.
1190 1517 1234 1582 Et
1264 1516 1324 1580 hoo

223 1615 271 1672 eet
296 1608 379 1693 quod
404 1607 487 1673 idem
511 1609 556 1676 eit
582 1610 709 1678 Cioerot
740 1616 835 1695 Quod
859 1617 910 1681 ita
927 1617 1083 1700 juratum
1107 1628 1162 1690 eet,
1180 1628 1218 1680 ut
1237 1637 1325 1680 otene

223 1700 418 1791 deferenti?
435 1711 613 1794 crumperet
621 1713 701 1794 fieri
716 1725 868 1799 oportere,
886 1715 924 1779 td
939 1716 1135 1781 servandum
1150 1722 1206 1779 eet.
1228 1712 1324 1800 Apud

224 1803 366 1871 Tacitum
382 1805 533 1894 legimus:
565 1811 720 1894 Trepidam
736 1823 767 1903 et
781 1815 880 1879 verbu
888 1814 1116 1898 jurejurandi
1127 1835 1191 1898 per
1206 1814 1323 1878 variae

223 1916 311 1970 ortes
341 1907 553 1986 motantibus,
586 1910 676 1994 queit
697 1911 830 1996 flaqt'tt’i
862 1914 1060 1979 beneolentia
1088 1914 1207 1977 inerat.
1258 1912 1324 1975 Au·

221 2001 382 2091 gustinue:
416 2005 554 2090 Pejure'
574 2019 650 2075 eunt
674 2010 733 2094 qut
757 2013 896 2079 neuott‘e
927 2013 1032 2080 verbio
1059 2013 1324 2097 eeepeetatt‘eoem

222 2124 339 2179 eorum,
381 2106 497 2189 quidue
524 2107 678 2189 juratum
709 2119 765 2185 eet,
806 2111 1005 2196 deceperunt.
1061 2109 1106 2176 Et
1139 2112 1155 2157 ⁸
1161 2108 1321 2174 Isidorus:

225 2204 422 2290 Quocunque
450 2215 523 2272 orte
553 2207 722 2273 verborum
753 2209 827 2294 quie
850 2209 953 2293 juret,
985 2211 1077 2277 Deue
1115 2221 1231 2285 tamen,
1266 2210 1324 2294 qui

265 2389 411 2451 ‘Quomodo
423 2395 496 2452 putat
511 2391 623 2452 intellipt']
645 2392 746 2455 Angue-
820 2392 1286 2446 anonutJuru,eodutuJurueputeut

220 2467 286 2515 tinne
303 2467 404 2527 epletoln
421 2479 529 2514 ooxxrr.
547 2467 578 2512 de
592 2467 635 2513 illo
651 2467 747 2514 loeutus
820 2455 1006 2504 ⁰¹¹¹l¹¹¹²³=⁸¹²⁶¹l²
1016 2458 1223 2506 Mumm-

221 2541 392 2601 quiePunieis
409 2542 493 2588 merie
504 2555 614 2602 egressus
626 2543 651 2587 in
668 2547 747 2589 mm
797 2535 828 2580 In
844 2535 992 2594 professione
1007 2536 1091 2596 jurate
1107 2536 1263 2582 Hebraeorum
1279 2549 1323 2595 per

221 2616 332 2672 redieret,
344 2617 400 2662 lude
410 2616 512 2662 Remum
522 2619 635 2664 venerut:
651 2617 687 2662 ltu
700 2631 746 2662 nou
797 2607 952 2668 ffitpuniemt
973 2609 1003 2656 Sl
1016 2624 1063 2655 mm
1078 2624 1108 2656 eo
1122 2611 1250 2656 inlatione
1263 2624 1323 2670 per-

220 2689 367 2736 amarunt
380 2690 422 2749 qui
432 2689 501 2735 illum
515 2688 604 2737 Senatu
620 2695 746 2749 mmm,
790 2681 888 2742 seram,
897 2683 959 2730 sieut
968 2684 1057 2730 ambio
1066 2686 1232 2744 ereprofltente
1238 2685 1324 2732 eredita

221 2764 281 2826 quid
296 2764 347 2823 ipre
360 2762 468 2821 jurando
484 2764 615 2825 cogitasset,
631 2765 674 2812 ted
687 2764 747 2825 quid
796 2763 867 2820 etque
876 2760 1061 2809 ineueeaeunt

221 2840 253 2888 ab
270 2840 313 2887 illo
330 2839 414 2899 quitus
428 2838 558 2897 juraverat
575 2843 746 2900 exspectarent.
840 2835 852 2864 ¹
867 2835 922 2881 Vox
936 2835 979 2881 ille
992 2835 1118 2896 defereutt'e
1131 2836 1200 2882 ebeet
1213 2837 1244 2883 ab
1259 2837 1324 2898 opti.

222 2916 318 2976 (Epist.
338 2916 390 2962 125.
410 2927 478 2961 norm
497 2912 568 2961 Edit.
583 2913 745 2973 umatum.)
796 2910 842 2957 mie
851 2910 1010 2957 Editionibue.
1041 2911 1147 2959 Omnino
1156 2911 1237 2971 egitur
1249 2911 1282 2958 lbi
1293 2913 1323 2959 de

220 2990 284 3039 Vide
298 2996 323 3037 et
332 2989 463 3050 sequentia.
493 2989 556 3035 Vide
570 2989 602 3035 ud
617 2988 679 3036 buno
694 3002 746 3037 rem
797 2985 876 3032 enimn
882 2985 996 3046 jurantis,
1007 2999 1056 3031 nen
1067 2986 1097 3032 de
1106 2999 1177 3033 eeneu
1187 2999 1259 3046 quem
1270 3000 1323 3033 ver·

220 3065 320 3126 pulchre
330 3065 395 3111 dicte
405 3062 506 3111 coneilio
522 3062 663 3110 Troeleteno
679 3068 746 3110 tome
796 3060 835 3107 bie
847 3061 898 3121 ejne
912 3060 997 3108 tribuit
1009 3061 1038 3118 ie,
1052 3061 1094 3121 qui
1109 3061 1187 3107 defert
1200 3061 1322 3121 juejureu-

221 3152 261 3184 111.
273 3138 435 3194 conciliorum,
444 3136 556 3183 editioni·
565 3137 745 3184 sirmondiana.
797 3135 863 3182 dum.
884 3135 1002 3196 Adeoque
1011 3136 1078 3182 loeue
1087 3136 1147 3181 nihil
1156 3136 1188 3182 ed
1196 3149 1247 3181 rem
1257 3136 1322 3192 feeit,

222 3215 255 3259 Et
264 3213 329 3272 apud
336 3213 491 3258 Hiuomerum
501 3212 526 3257 in
537 3212 652 3271 opusculo
661 3212 745 3258 deDe'·
797 3215 826 3257 ut
837 3211 926 3257 dudum
940 3211 1115 3257 obeerrurimue
1124 3211 1154 3256 ed
1165 3211 1322 3257 Puruunou-

219 3288 296 3333 nortio
306 3286 420 3332 Lothun't‘
433 3291 456 3332 et
470 3287 613 3346 flietherqae
626 3286 658 3332 ed
670 3287 746 3333 luter·
797 3298 864 3332 rrum
875 3291 991 3342 nostrum,
1007 3286 1072 3332 dieto
1082 3286 1168 3345 eapite,
1184 3285 1245 3346 515.
1262 3285 1320 3332 Not.

221 3364 371 3422 rogationem
381 3374 417 3407 rr.
434 3362 510 3408 ubltn
525 3361 587 3408 hune
602 3362 746 3408 sententium
797 3362 820 3409 2.
850 3358 921 3405 m.

221 3435 502 3486 rectedoDeodiottnr:
841 3430 989 3492 tlttdom]
1004 3431 1242 3481 murtuemm
1251 3432 1322 3480 Bono

222 3686 349 3741 witness:
371 3685 417 3741 for
430 3683 494 3741 thet
512 3691 567 3750 tot,
581 3683 707 3740 whiehie
721 3683 755 3740 of
770 3682 850 3740 iuelf
862 3681 1027 3754 obligatory‚
1044 3678 1202 3752 proeeeded
1216 3679 1290 3735 from
1304 3697 1322 3736 ο

222 3770 376 3826 deliberate
387 3771 474 3826 mind.
518 3770 582 3824 And
594 3770 684 3825 hence
698 3771 721 3826 it
735 3769 842 3825 follows
857 3768 928 3833 thet,
940 3784 970 3822 ee
983 3768 1081 3822 cicero
1095 3782 1166 3839 enyo,
1176 3772 1228 3822 not
1242 3772 1272 3822 to
1284 3767 1321 3823 do

220 3856 295 3912 what
307 3872 363 3928 you
377 3857 574 3929 intentionully
587 3873 676 3912 eweer
689 3857 713 3911 ie
727 3859 849 3928 periury.
895 3855 951 3910 See
964 3853 1080 3908 Homer.

275 3950 292 3997 2
315 3941 382 3996 Thie
396 3943 421 3998 ie
438 3959 479 4008 eo,
495 3942 564 3998 with
584 3942 634 4000 the
655 3943 803 4014 exception
824 3940 856 3996 ol
872 3940 922 3996 the
940 3955 1004 3996 enee
1022 3939 1053 3993 in
1070 3937 1160 3993 ehieh
1179 3955 1236 4011 you
1255 3937 1319 3993 who

221 4044 316 4091 eweur,
329 4028 412 4082 know
426 4044 459 4083 or
472 4028 580 4084 believe
594 4028 657 4083 thet
670 4029 708 4084 he
726 4027 897 4100 withwhom
909 4043 965 4098 you
976 4024 1048 4080 here
1059 4029 1089 4080 to
1104 4024 1141 4079 do
1156 4025 1236 4079 tehee
1251 4040 1322 4095 your

221 4113 311 4168 verde
323 4113 486 4170 otherwieo:
505 4114 551 4170 for
567 4116 598 4169 in
612 4115 710 4186 teking
722 4114 786 4170 God
801 4118 831 4169 to
845 4114 957 4168 witneee
968 4111 1012 4166 hie
1026 4110 1124 4175 werde,
1141 4110 1179 4165 he
1191 4109 1279 4180 ought
1290 4115 1321 4164 to

221 4200 346 4271 perform
368 4199 446 4256 them
466 4217 497 4255 ee
516 4199 554 4255 he
576 4217 710 4272 euppoeee
727 4199 807 4254 them
830 4205 860 4254 to
883 4199 920 4254 be
939 4197 1119 4253 understood.
1163 4197 1202 4251 So
1223 4196 1321 4251 cicere

221 4286 361 4357 reguletee
382 4303 419 4341 eu
439 4285 508 4341 outh
524 4285 563 4358 by
582 4286 717 4342 thomeus
731 4286 880 4357 deser-emit,
900 4284 948 4340 the
967 4282 1045 4337 mind
1066 4283 1099 4336 of
1116 4282 1165 4338 the
1178 4297 1321 4353 propoeer.

222 4373 335 4430 Tuoituu
349 4372 449 4447 epeulm
468 4373 502 4431 ot
513 4388 579 4431 men
592 4374 624 4428 in
640 4373 702 4432 seer
719 4372 860 4446 ehenging
873 4372 923 4429 the
938 4369 1028 4426 werde
1046 4368 1079 4425 of
1095 4368 1144 4426 the
1158 4368 1241 4425 eeth:
1264 4368 1323 4422 Au·
