2834 4920
213 190 277 257 236
544 200 597 256 DE
618 200 718 256 suan
741 199 991 256 SEPULTURAE
1188 196 1314 267 [hmlt

286 368 308 432 5
336 363 477 431 Alteram
502 386 627 452 quoque
648 363 863 452 exceptionem
884 362 969 451 apud
995 363 1121 430 Graecos
1145 363 1316 432 obtinuisse

48 479 199 522 martae
213 463 314 542 rideo,
340 485 433 550 quam
453 465 545 530 Locri
567 465 766 552 opponebant
787 462 1008 540 Phocensibus,
1034 460 1090 531 ὅτι
1112 459 1202 556 scopo*
1229 466 1315 535 πᾶσι

214 566 287 637 τοῖς
304 559 452 644 Ἕλλησι
479 558 581 637 sorvis
607 559 702 643 νόμοι
731 560 824 632 ἔστιν
848 558 1001 657 ἆτοῖφους
1027 564 1209 656 ῥίπτεσθαι
1236 560 1315 637 ‘forie

215 659 410 756 ἱεροσύλους·
434 685 628 730 communem
657 665 785 730 Groecs'c
802 664 949 728 omnibus
970 683 1089 727 mwem
1112 684 1177 728 esse
1199 674 1236 727 ιιι
1259 686 1314 729 so-

48 768 170 820 namu-
213 763 329 849 erileps‘
354 763 510 848 insepulti
533 763 746 846 objiciantur.
799 761 851 827 Sic
868 768 900 826 et
919 760 1003 826 Dion
1020 759 1210 825 Prusaeensis
1226 761 1314 827 Rho-

47 1022 111 1063 msa

214 860 302 927 diaco
328 855 407 930 roris
429 857 566 945 ἀσεβεῖς
590 860 643 928 soi
667 857 811 933 ἀνοσίους
831 858 876 925 ais
898 859 1059 946 sepultura
1075 858 1188 925 orbari.
1224 860 1314 927 Idem

47 974 109 1016 ron
115 985 169 1026 uo
213 953 391 1026 Athenis<l
393 960 427 1025 in
453 959 628 1047 proditores
650 958 851 1025 constitutum
875 967 985 1024 narrat
1007 957 1194 1024 Plutarchus
1222 955 1314 1025 Anti·

213 1058 339 1146 phonte.
390 1057 464 1136 Sed,
495 1065 532 1125 ut
560 1057 602 1123 ad
631 1057 806 1124 institutum
834 1079 884 1122 me
910 1056 1067 1144 recipiam,
1095 1057 1135 1123 ob
1164 1066 1314 1146 negatam

212 1157 404 1245 sepulturam
427 1156 540 1224 bellum
561 1155 647 1243 juste
669 1156 782 1242 suscipi
808 1165 993 1222 censuerunt
1014 1163 1138 1222 veteres
1162 1176 1313 1223 consensu

212 1277 347 1345 magno:
383 1265 420 1323 ut
444 1277 484 1322 ex
508 1255 562 1321 illa
587 1255 701 1321 Thesei
726 1254 857 1321 historia
882 1261 1024 1342 apparet,
1053 1274 1147 1341 quam
1174 1262 1312 1321 tractant

212 1355 379 1442 Euripides
392 1356 474 1423 dicta
486 1354 640 1445 tragedia
652 1356 874 1442 Suppliciter,
890 1362 924 1419 et
937 1354 1090 1419 Isocrates
1103 1375 1140 1420 eo
1153 1374 1245 1440 quem
1256 1353 1312 1421 ad-

212 1453 357 1520 duximus
373 1454 449 1524 loco.

287 1555 344 1621 VI.
392 1552 473 1621 Sunt
495 1562 528 1620 et
549 1552 611 1619 alia
629 1551 772 1640 quedam
794 1575 866 1640 quae
887 1575 928 1619 cx
945 1552 1019 1641 jure
1040 1551 1180 1641 gentium
1203 1552 1313 1620 volun-

211 1652 293 1720 tario
310 1653 473 1731 debentur,
494 1660 530 1718 ut
543 1652 638 1741 longo
655 1661 795 1739 tempore
816 1674 965 1740 possessa,
983 1650 1187 1718 successiones
1203 1652 1244 1718 ab
1264 1652 1313 1718 in-

211 1759 337 1830 testato,
361 1760 394 1818 et
422 1773 492 1837 quae
520 1773 561 1815 ex
592 1758 753 1817 contractu
778 1751 975 1837 quantumvis
1002 1750 1147 1838 inaquali
1172 1749 1310 1818 veniunt.

211 1851 295 1917 Nam
311 1850 378 1916 haec
395 1850 496 1916 omnia
513 1870 689 1936 quanquam
712 1871 752 1915 ex
763 1850 837 1937 jure
855 1858 977 1918 naturae
992 1859 1095 1916 ortum
1114 1849 1311 1938 aliquatenus

210 2046 234 2090 st
242 2056 292 2104 pse
301 2058 326 2090 ss
340 2042 474 2090 occidentes
484 2057 512 2089 sss
521 2042 646 2103 quicquam
656 2040 737 2098 trdus·
828 2041 841 2077 i
851 2042 1031 2104 Inproditons]
1046 2045 1083 2090 At
1092 2043 1190 2091 Nicetes
1199 2044 1262 2092 libro
1269 2057 1310 2094 nr.

210 2118 275 2165 modi
287 2119 495 2179 peruentumque&
511 2119 625 2164 somam
639 2116 737 2177 affectus
784 2117 841 2165 sitos
851 2118 932 2165 Alexii
946 2119 1028 2165 fratris
1044 2120 1130 2174 Issaei,
1144 2120 1210 2180 (cap.
1220 2121 1245 2180 7)
1255 2135 1310 2167 cnm

210 2194 246 2240 eis
265 2195 336 2241 nollet
356 2192 467 2254 ionersi?
497 2191 636 2251 Capitulase
655 2194 737 2237 antem
785 2198 905 2240 narrasset
923 2199 1025 2240 mortem
1049 2195 1168 2242 iohannis
1193 2195 1311 2242 comneni

210 2266 352 2316 Francicnm
366 2268 429 2314 libro
445 2281 479 2314 vr.
496 2269 533 2316 70.
549 2267 588 2313 De
603 2280 630 2312 so
644 2266 687 2326 qui
700 2280 737 2313 ιι-
786 2268 873 2326 Crassi,
893 2270 935 2329 qni
954 2283 999 2330 per
1017 2270 1159 2318 seditionem
1183 2272 1310 2333 imperium

209 2343 331 2403 metipsum
340 2343 477 2390 occiditord
488 2343 571 2402 laqueo
578 2355 603 2387 ss
609 2340 737 2400 suspendii,
784 2341 947 2399 affectaverat,
963 2343 997 2389 sio
1013 2342 1132 2403 loquitur:
1150 2347 1217 2404 μιτιὶ
1233 2346 1258 2391 di
1278 2345 1311 2391 τὸ

209 2421 382 2468 οωυίάοναιιιπι
397 2426 438 2476 esi,
454 2425 481 2465 at
494 2419 516 2465 si
529 2419 583 2479 quis
595 2417 737 2477 comportem
786 2419 858 2477 oripo
875 2417 969 2465 insilias
985 2417 1068 2476 doddo,
1087 2419 1144 2466 κυσὶ
1163 2420 1204 2467 stul
1229 2421 1311 2480 ὄρνισι

208 2498 266 2544 velit
275 2498 439 2556 eleemosynam
449 2496 515 2551 dors,
530 2495 627 2550 ιη’ὒιιαί,
642 2498 664 2539 ei
678 2506 736 2538 ora·
783 2491 848 2550 Bopd
861 2490 1042 2551 ποριιτιθιτιιι·
1058 2494 1072 2539 ὃ
1087 2494 1129 2539 stoi
1145 2494 1260 2553 θηριῶδες
1269 2514 1311 2555 μι·

209 2572 283 2619 sione
298 2574 323 2617 in
333 2571 476 2632 psalmodiis
484 2570 585 2628 faeiois
608 2567 735 2613 oblationi·
784 2568 843 2622 κροῦ
859 2568 901 2611 sai
920 2565 1088 2624 ἀπάνθρωπον
1103 2567 1199 2615 ἅπασιν
1215 2569 1307 2615 essea-

209 2646 252 2692 tos
267 2651 342 2692 tarsen
355 2649 378 2692 et
392 2643 470 2689 missis
483 2644 531 2701 ipsi
543 2646 658 2688 οιινιιιιιιι
677 2641 736 2700 qnia
783 2640 845 2687 Post
861 2654 946 2700 eorpus
965 2641 1020 2687 lade
1039 2642 1151 2700 oblatura
1171 2645 1268 2690 sonibus
1288 2651 1311 2693 et

209 2718 453 2778 incomprehensibilia
469 2723 525 2763 sust
536 2715 634 2774 jodieio
645 2716 701 2771 Dei,
714 2719 736 2761 et
783 2713 866 2758 soiius
879 2726 933 2759 esso
943 2712 1061 2773 ponitur:
1079 2714 1144 2774 quod
1157 2714 1187 2761 ab
1200 2716 1309 2762 tumosi-

207 2793 393 2852 proyimditotem
411 2788 505 2838 ιοιιιίἰίι·
517 2790 566 2848 ἠιι
583 2788 648 2836 nimo
657 2792 736 2849 potest
783 2791 832 2833 rose
846 2786 949 2833 οὶίιιιιιιιι
961 2801 992 2835 oc
1002 2802 1071 2848 pene
1084 2789 1192 2849 ferinam
1205 2792 1310 2838 omnibus

207 2868 355 2930 isouliqare.
386 2868 449 2917 Vide
458 2872 484 2914 et
490 2867 578 2914 ibidem
589 2879 635 2912 sss.
645 2867 699 2914 344.
783 2860 917 2912 ridebatur.

525 3010 573 3019 —„
761 3006 951 3015 -a—-·-—-—
961 3010 1002 3016 ...-

207 3111 375 3167 themselves
398 3117 428 3167 to
452 3128 517 3168 sare
541 3112 616 3168 their
639 3111 770 3182 chastity,
795 3109 852 3164 and
877 3106 970 3166 whom
995 3111 1045 3166 tho
1073 3109 1186 3166 Ohuroh
1214 3110 1308 3182 places

206 3204 337 3268 nmongst
357 3199 394 3252 its
416 3205 545 3270 martyra.
591 3200 648 3253 But
666 3199 689 3253 it
706 3198 730 3253 is
748 3195 838 3251 worth
852 3196 934 3251 while
957 3203 987 3252 to
1001 3213 1049 3252 see
1064 3196 1138 3251 what
1152 3196 1308 3267 Augustino

207 3282 319 3353 saysel
328 3281 408 3336 these
423 3299 509 3338 cases.

266 3373 282 3419 5
312 3367 327 3419 I
349 3365 408 3419 lind
431 3366 494 3421 that
517 3367 637 3422 another
662 3367 810 3437 exception
833 3366 966 3420 obtained
987 3382 1092 3435 among
1111 3365 1161 3420 the
1183 3365 1307 3429 Greeks3

145 3478 151 3493 ·
207 3450 298 3504 which
321 3450 371 3505 the
393 3451 527 3506 Locrlans
548 3451 677 3521 objectcd
697 3458 727 3506 to
748 3451 798 3506 the
818 3449 973 3505 Phocione:
998 3452 1027 3503 It
1046 3466 1102 3501 was
1123 3450 1164 3502 ilic
1185 3465 1307 3501 wmmon

206 3553 288 3605 osope
306 3538 341 3609 ο]
358 3534 453 3589 Grecos
472 3537 529 3591 thot
546 3537 715 3606 sacrilepioas
725 3554 837 3607 peremne
853 3536 949 3588 should
965 3536 993 3588 bs
1007 3541 1063 3588 eost
1069 3533 1152 3601 sortis
1165 3532 1305 3585 ambasiaci.

207 3622 247 3676 8ο
262 3620 317 3676 Dio
332 3621 510 3678 Prusaeensis.
556 3622 595 3676 So
610 3622 723 3677 traitors
736 3638 808 3676 were
823 3619 934 3675 treated
952 3616 1155 3680 erethenses
1169 3615 1306 3670 Plutarch

205 3723 279 3779 says.

260 3795 317 3848 But
335 3798 365 3847 to
383 3797 481 3848 return
498 3798 528 3848 to
547 3810 595 3864 my
608 3794 732 3864 subject;
750 3792 799 3847 the
813 3791 939 3847 ancients
952 3803 1024 3844 were
1043 3786 1188 3859 generally
1202 3786 1306 3855 agreed

205 3878 236 3933 in
253 3878 371 3949 holding
389 3879 452 3933 that
468 3895 526 3932 war
545 3880 636 3950 might
652 3880 741 3950 justly
752 3879 788 3933 bo
800 3876 976 3932 undertaken
988 3891 1025 3928 on
1037 3878 1157 3927 account
1168 3872 1203 3926 of
1213 3872 1305 3941 sepul-

206 3970 271 4020 ture
282 3964 401 4028 deniod3
419 3981 450 4018 es
464 3980 582 4034 appears
594 3964 632 4035 by
646 3963 709 4019 that
728 3965 837 4034 history
851 3961 885 4016 of
899 3961 1024 4015 Theseus
1045 3957 1135 4013 which
1155 3956 1306 4028 Euripides

206 4057 295 4107 treats
306 4050 336 4103 in
350 4049 399 4104 the
414 4048 561 4120 Supplices,
572 4049 628 4103 and
643 4050 780 4104 isocrates
795 4050 824 4102 in
835 4047 884 4103 tho
899 4047 1018 4101 Oration
1030 4043 1144 4115 quoted.

207 4189 214 4205 ‚
264 4136 315 4190 v1.
361 4134 453 4189 Thero
474 4152 523 4189 aro
544 4150 622 4190 some
643 4135 726 4189 other
746 4134 840 4206 things
858 4131 948 4187 which
966 4147 1014 4185 are
1036 4130 1092 4184 duo
1112 4129 1150 4201 by
1164 4128 1214 4183 tho
1225 4127 1305 4183 insti-

206 4221 287 4277 tuted
306 4221 372 4274 st
391 4221 425 4275 of
440 4221 576 4286 Nationes
599 4237 629 4274 as
649 4220 806 4291 possession
823 4220 861 4292 by
879 4217 1073 4290 prescription,
1095 4215 1254 4270 succession
1274 4221 1305 4269 to

204 4306 361 4371 intestatos,
375 4306 432 4362 and
445 4306 495 4363 the
507 4308 608 4363 results
619 4306 653 4362 of
664 4312 800 4374 contract,
812 4320 883 4362 cren
894 4304 920 4359 ii
932 4302 1062 4375 nnoqual.
1096 4302 1153 4357 For
1164 4300 1203 4355 all
1217 4299 1305 4367 these,
