2834 4920
131 254 202 312 on.
215 249 311 324 x1x.]
456 253 509 308 uu
531 253 630 310 suan
653 253 904 311 sarmarum.
1169 246 1232 311 231

130 417 219 508 regis
238 415 460 493 cumulaverat,
484 438 507 483 a
525 416 611 507 regis
634 416 790 484 interfecti
807 416 870 483 filio
897 418 1010 483 Oreste
1034 416 1129 483 humo
1147 435 1234 485 man·

133 519 241 584 datum
262 517 419 582 Homerus
441 525 593 583 memorat
614 517 767 605 Odyssea
789 516 893 583 tertio.
935 516 1047 583 Sedet
1067 517 1152 604 apud
1169 519 1384 584 Ron-snaslo

128 637 240 683 manos
256 614 410 701 Ulpianus
425 636 555 701 corpora
571 636 678 680 eorum
694 616 749 702 qui
765 615 874 702 capitis
890 615 1076 682 damnantur
1093 617 1232 704 cognatis
1244 625 1384 711 &w

129 715 179 781 ait
202 713 349 803 neganda
374 735 436 778 non
460 735 546 780 esse:
571 714 632 779 imo
659 721 692 780 et
715 714 903 800 quibuslibet
927 714 1103 801 petentibus
1128 715 1232 782 danda

131 813 252 881 censuit
268 811 385 878 Paulus
396 811 641 898 jurisconsultus
684 813 728 878 Et
744 812 955 879 Diocletianus
971 835 1008 879 ac
1024 813 1232 880 Maximianus
1244 823 1387 867 ”blm

131 912 343 1001 Imperatores
359 911 404 976 ita
420 911 667 998 responderunt:
686 914 837 978 mustos
852 915 1026 979 monicum
1041 914 1140 1000 dique
1156 937 1231 1000 sup·
1243 921 1321 1019 affl
1330 925 1386 967 Μ·

127 1013 233 1099 plieio
248 1014 380 1096 affectos
395 1012 588 1096 ‘sepultura
605 1013 698 1076 trudi
711 1034 775 1077 oon
791 1024 943 1079 vetamus.

209 1112 231 1176 2
265 1109 413 1198 Legimus
427 1109 551 1195 quidem
568 1109 601 1174 in
617 1108 753 1175 historiis
769 1110 911 1198 exempla
931 1133 1047 1189 eorum,
1064 1111 1136 1199 'qui
1152 1111 1232 1177 inse·

133 1207 213 1297 pulti
233 1208 346 1296 abjecti
363 1216 443 1286 sunt,
460 1207 672 1294 frequentiora
694 1207 834 1274 civilibus
850 1231 943 1295 quum
966 1211 1102 1277 externis
1122 1210 1230 1278 bellis:

133 1316 167 1374 et
180 1307 273 1374 hodie
288 1306 428 1373 ridemus
445 1306 638 1394 quorundam
655 1307 871 1374 damnatorum
888 1329 1019 1395 corpora
1035 1309 1089 1376 diu
1104 1308 1138 1373 in
1154 1311 1231 1396 pub·

132 1406 190 1473 lico
206 1414 370 1493 conspectu
384 1405 534 1492 relinqui:
552 1405 605 1493 qui
621 1414 726 1472 tanmn
742 1428 809 1472 mos
825 1428 866 1472 an
881 1406 1055 1474 laudandus
1071 1407 1112 1475 sit
1127 1408 1231 1496 dispu·
1243 1413 1345 1454 ΜΝ*

1244 1460 1396 1501 ΜΝ.

129 1513 212 1583 {wls
229 1527 292 1571 non
309 1505 422 1593 politici
440 1513 571 1582 uotum,
588 1504 644 1571 sod
661 1513 694 1571 et
711 1504 857 1594 theologi.
1242 1507 1391 1601 ebo-w

203 1607 225 1669 3
260 1604 388 1684 Contra,
405 1603 547 1671 laudatos
565 1603 704 1669 videmus
720 1604 773 1689 qui
788 1602 913 1691 sepeliri
925 1603 1086 1691 jusserunt
1099 1627 1231 1693 corpora
1242 1597 1395 1692 ,mm

132 1724 250 1780 eorum,
267 1701 320 1789 qui
336 1703 369 1770 id
385 1704 484 1791 ipsum
500 1703 567 1770 aliis
582 1724 645 1768 non
658 1702 871 1790 permiserant,
889 1712 925 1770 ut
937 1703 1121 1770 Pausaniam
1135 1707 1231 1771 Lace-
1244 1690 1320 1739 Μ
1328 1689 1359 1731 ¹²

133 1802 354 1868 daemoniorum
377 1825 495 1891 regem,
517 1802 571 1888 qui
592 1801 739 1868 incitatus
763 1803 804 1867 ab
822 1800 980 1892 AEginetis
1003 1811 1040 1870 ut
1064 1805 1231 1871 Persarum

132 1901 248 1968 factum
263 1901 295 1966 in
311 1901 479 1967 Leonidam
494 1900 585 1966 simili
600 1901 682 1966 iacto
697 1900 906 1979 uldsoerctur,
921 1903 1078 1970 consilium
1095 1912 1132 1969 ut
1147 1926 1181 1968 se
1194 1925 1232 1971 ac

135 1999 245 2067 Graeco
274 2000 397 2066 nomine
422 2000 584 2089 indignum
613 1999 729 2087 rejecit
776 2001 870 2087 Apud
900 2002 1064 2091 Papinium
1092 2003 1231 2070 Theseus

135 2099 300 2167 Creontem
315 2099 359 2164 sic
374 2098 542 2186 alloquitur
557 2100 674 2182 (Theo.
693 2120 751 2166 xu.
771 2098 871 2185 780):

562 2219 644 2275 Vade
659 2225 721 2274 atra
735 2219 852 2275 datur-ru

317 2303 469 2376 Supplicia,
483 2305 656 2377 extremique
672 2312 767 2360 tamon
782 2322 880 2361 secure
894 2306 1044 2378 sepulchri.

132 2400 345 2469 Alexandrum
366 2424 489 2488 quoquc
514 2404 679 2468 Jannoeum
703 2424 819 2490 regem,
846 2403 951 2488 quiin
974 2412 1112 2471 mortuos
1133 2426 1394 2515 popu-{popm

132 2501 213 2567 lares
230 2501 323 2567 valde
339 2500 575 2567 contumeliosus
591 2502 705 2578 iuerat,
727 2501 916 2589 sepelierunt
934 2503 1094 2570 Pharisaei.
1139 2505 1231 2581 Quod

132 2599 260 2665 siDeus
282 2599 439 2666 interdum
455 2599 623 2687 sepultura
641 2599 768 2688 jactura
783 2599 932 2687 quosdam
955 2600 1064 2688 puniit,
1080 2601 1153 2668 iecit
1173 2603 1232 2668 hoc

132 2718 187 2764 suo
209 2698 284 2784 jure
312 2719 408 2786 supra
432 2698 519 2787 leges
548 2698 742 2765 constitutus.
794 2701 837 2766 Et
861 2700 945 2787 quod
974 2700 1110 2767 Goliathi
1139 2710 1233 2788 eaput

132 2797 237 2865 David
262 2797 401 2864 servavit
422 2797 566 2876 ostentui,
592 2796 708 2864 lactum
733 2798 850 2865 scilicet
874 2799 907 2864 in
929 2798 1145 2889 alienigenam,
1172 2799 1234 2866 Dei

131 2976 256 3023 Philonem
266 2976 477 3032 eontruFlcocum,
488 2975 607 3037 (popter
618 2976 656 3038 i.)
707 2977 781 3036 (Ant.
801 2976 862 3025 Μ.
879 2976 933 3022 Lib.
950 2989 1012 3024 xru.
1026 2991 1047 3025 o.
1063 2991 1102 3023 xv.
1120 2977 1167 3036 §A
1183 2976 1232 3022 Ed.

48 3053 50 3056 ⁴
175 3049 537 3112 ⁸Quttusepultictjects‘mt]
553 3052 656 3098 iddw-
705 3049 828 3110 Hudsou.)
864 3050 935 3095 Adde
957 3050 1133 3104 Quintilianum
1154 3050 1233 3096 deota-

130 3127 181 3188 φίᾳ
192 3127 300 3186 ὑβρίζειν
309 3128 356 3173 τὸν
365 3127 451 3184 νεκρὸν
460 3127 520 3173 dixit
533 3125 551 3173 J
553 3126 656 3186 caephae
704 3125 811 3172 mationa
822 3129 917 3184 quarta,
928 3125 991 3183 (cap.
1001 3124 1033 3170 lx.
1044 3124 1094 3171 Ed.
1104 3124 1233 3184 Burman.)

130 3202 156 3249 ln
175 3206 253 3249 morte
272 3200 413 3248 Jnduorum
432 3201 496 3260 regis
516 3200 655 3257 Alexandri,

132 3443 222 3499 which
237 3460 304 3499 man
322 3445 346 3500 is
364 3443 457 3500 made.
501 3443 633 3515 Egisthus
648 3461 703 3498 wus
718 3443 819 3498 buried
840 3443 878 3515 by
898 3442 1020 3499 Orestes.
1055 3442 1168 3516 Among
1183 3444 1233 3500 the

126 3531 266 3592 Romans,
278 3529 328 3584 the
343 3529 440 3584 bodies
459 3529 492 3584 oi
506 3529 587 3585 those
602 3530 738 3585 executed
752 3545 825 3584 were
843 3533 894 3583 not
911 3528 1012 3583 denied
1028 3535 1058 3584 to
1073 3528 1148 3584 their
1161 3529 1234 3585 rela-

130 3617 218 3679 tives3
240 3630 274 3669 or
291 3631 362 3669 even
381 3620 411 3669 to
429 3632 485 3686 any
500 3614 561 3669 who
579 3615 666 3669 asied
687 3615 734 3669 for
747 3613 834 3679 them,
856 3630 887 3669 as
901 3615 1006 3669 Paulus
1025 3613 1155 3687 thought.
1194 3615 1233 3669 So

129 3700 290 3756 Diocletian
304 3699 362 3754 and
374 3700 528 3754 Maximlan
542 3700 676 3754 directed.

184 3792 202 3840 2
224 3786 377 3859 Examples
392 3786 425 3840 oi
435 3785 533 3840 bodies
549 3785 659 3840 thrown
674 3790 725 3840 out
741 3785 890 3850 unburied‚
904 3801 953 3839 are
965 3800 1044 3839 more
1059 3801 1189 3840 common
1202 3786 1233 3839 in

129 3871 195 3926 civil
210 3870 280 3926 than
297 3872 328 3925 in
342 3871 452 3942 foreign
467 3887 546 3926 ware.
583 3870 648 3925 And
667 3870 768 3926 atthis
785 3870 848 3942 day,
864 3886 941 3925 some
956 3870 1095 3925 criminals
1109 3887 1158 3925 are
1171 3870 1234 3941 gib·

129 3956 218 4012 beted
229 3955 286 4011 aud
297 3957 351 4012 leit
362 3957 392 4010 in
403 3956 498 4028 public
513 3957 598 4011 view:
614 3956 666 4011 bnt
677 3954 804 4010 whether
815 3955 871 4009 this
882 3955 919 4010 be
931 3972 948 4010 a
959 3955 1090 4010 laudablc
1102 3957 1235 4029 practice,

131 4042 299 4115 isdisputed
313 4041 383 4097 both
395 4042 433 4112 by
445 4042 603 4113 politiciane
618 4042 674 4095 and
685 4040 724 4113 by
738 4040 922 4111 theologicus.

184 4132 201 4183 3
224 4128 269 4183 On
292 4127 342 4182 the
363 4126 446 4182 other
465 4126 550 4191 haud,
566 4144 608 4182 we
624 4126 684 4181 find
700 4142 816 4198 persons
835 4125 956 4197 praised,
972 4125 1018 4180 for
1035 4125 1167 4195 ordering
1183 4124 1234 4180 the

129 4210 229 4268 bodies
244 4213 278 4268 oi
288 4213 370 4268 those
390 4223 421 4267 to
439 4212 476 4267 be
496 4212 596 4267 buried
613 4210 675 4266 who
689 4211 746 4265 had
761 4211 928 4267 themselves
942 4210 1055 4264 refused
1070 4210 1119 4263 the
1133 4211 1188 4265 rite
1203 4217 1233 4265 to

130 4297 237 4362 others,
256 4315 286 4354 as
304 4296 467 4353 Pausaniae.
506 4298 544 4351 So
567 4298 673 4352 Statius
687 4297 783 4351 makes
798 4295 922 4350 Theseus
944 4300 991 4348 act
1011 4299 1042 4348 to
1058 4294 1157 4348 Creon.
1194 4295 1234 4349 So

129 4381 183 4441 ens
198 4382 346 4440 Pharisees
362 4382 464 4438 buried
483 4382 642 4438 Alexander
656 4383 797 4438 Jaunaeus.
829 4380 860 4434 If
872 4377 936 4434 eod
951 4378 1090 4449 punished
1104 4395 1182 4434 some
1195 4378 1235 4453 by

1213 4508 1348 4632 „A
