2834 4920
224 243 287 308 270
670 249 723 303 ΒΕ
745 249 883 305 POENIS.
1199 244 1274 315 [Lm.
1287 247 1325 304 IL

225 412 362 488 domine,
389 413 511 478 ultione
534 414 575 476 dc
602 411 746 486 inimico,
776 432 856 475 nam
877 414 937 476 qee
960 410 1068 475 sacris
1094 408 1215 493 lepibm
1236 410 1326 476 didi-

226 514 330 578 cimus
355 512 521 576 bominem
543 512 701 576 misereri.
749 509 793 575 Et
809 509 871 575 huc
887 507 1024 597 pertinet
1041 508 1124 594 quod
1143 506 1327 575 Christnso

225 610 314 676 nobis
342 609 521 676 indistincte
547 609 654 697 exigit,
684 615 720 674 ut
746 607 888 674 omnibus
913 607 1108 673 remittemus
1135 606 1249 693 quiin
1268 629 1325 675 nos

226 709 432 795 deliquerunt.
484 709 599 775 Mettb.
616 707 656 774 ri.
673 709 727 786 14,
742 709 796 785 15,
811 706 845 773 id
862 714 919 784 est,
937 707 978 772 ob
995 727 1119 772 sensum
1135 705 1209 771 meli
1224 707 1324 773 nostri

226 809 341 873 molum
365 807 426 873 illis
447 829 504 874 nec
526 827 736 894 procuremus,
762 828 820 872 nee
845 814 1008 894 optemus:
1032 827 1105 871 nom
1119 804 1154 870 id
1167 805 1222 891 qni
1238 805 1323 885 fecit,

61 937 157 976 mum
225 915 262 973 ut
279 929 348 973 cunr
366 905 537 973 Clondinno
554 906 781 992 loquonsercc
797 918 853 985 est,
872 907 1037 991 legumque
1050 907 1180 971 videtur
1195 907 1325 973 vindic-

59 983 200 1068 diiii*
227 1020 295 1072 tam
307 1018 470 1092 proestore
485 1007 560 1072 sibi.
600 1006 702 1083 Quem
720 1006 760 1071 ob
777 1026 900 1070 oensem
917 1003 1098 1070 Lectontius
1114 1003 1231 1070 dictum
1247 1003 1324 1072 illud

62 1121 206 1171 moneto
227 1104 385 1171 Ciceronis
401 1125 662 1169 commemorem:
681 1104 826 1190 justicio
840 1106 989 1190 primum
1004 1125 1122 1169 monus
1139 1116 1195 1181 eet,
1212 1125 1253 1170 ne
1268 1107 1324 1171 coi

224 1216 339 1271 noceat
359 1206 427 1270 cici
453 1205 621 1270 memmius
645 1204 784 1285 injuria,
806 1202 852 1269 sit
876 1202 1044 1291 simplicem
1061 1223 1231 1289 veramque
1255 1224 1323 1269 sen-

60 1315 177 1366 tim-2&
225 1303 355 1369 tentiam
381 1303 512 1368 duorum
533 1302 700 1368 verborum
723 1302 896 1388 adjectione
912 1309 1110 1388 corruptam:
1137 1310 1171 1368 et
1187 1302 1323 1369 Ambro-

223 1403 287 1468 sius
312 1403 394 1468 idem
421 1400 498 1468 illud
523 1401 680 1468 Ciceronis
704 1400 819 1467 dictum
848 1423 962 1468 vacere
987 1400 1033 1467 sit
1058 1400 1227 1490 Evangelii
1252 1423 1324 1469 oue·

223 1501 360 1568 inritato.

300 1604 320 1667 6
357 1599 441 1680 Quid
457 1610 562 1667 sutem
579 1601 620 1667 de
635 1600 752 1668 ultione
768 1600 915 1678 dicemus,
932 1621 995 1665 non
1014 1607 1167 1686 quotenus
1180 1599 1323 1689 praeteri·

223 1708 290 1767 tum
312 1700 449 1788 respicit,
470 1700 526 1766 sed
551 1709 704 1787 quotenus
718 1699 751 1766 in
769 1700 908 1766 futurum
925 1699 1043 1765 caret?
1094 1699 1178 1765 Sene
1192 1709 1226 1767 et
1242 1701 1322 1767 benc

223 1798 391 1865 condonari
411 1798 479 1865 vult
500 1799 653 1875 Christus,
675 1798 811 1887 primum
827 1798 873 1863 rsi
893 1797 948 1885 qui
969 1819 1026 1864 nos
1045 1796 1126 1864 lmsit
1145 1799 1323 1867 testimonio

223 1897 397 1983 probabilia
411 1896 465 1963 det
481 1895 661 1984 peonitentis
678 1896 782 1975 enimi,
801 1897 897 1964 Lucos
913 1896 989 1964 xvii.
1004 1899 1045 1975 3;
1069 1896 1186 1986 Ephes
1201 1897 1244 1965 iv.
1257 1901 1320 1978 32;

224 1997 340 2062 Coloss.
366 1996 408 2063 iii.
436 1998 489 2073 13,
517 1996 629 2082 quibus
653 1996 728 2062 loeis
750 1997 791 2062 de
817 1996 957 2082 pleniore
979 1996 1115 2082 quedem
1141 1997 1322 2065 remissione

221 2095 336 2184 egitur,
353 2094 388 2161 id
404 2103 462 2173 est,
479 2117 550 2182 quae
567 2095 661 2162 etinm
678 2095 712 2161 in
729 2095 782 2182 jus
797 2095 912 2163 veteris
928 2095 1071 2162 amicitis
1085 2097 1233 2163 restituet
1250 2119 1320 2164 eum

221 2194 275 2280 qui
304 2194 463 2281 pececvit3
489 2193 574 2261 unde
602 2194 752 2281 sequitur,
771 2203 809 2261 ut
836 2194 914 2260 nihil
942 2194 983 2260 sb
1009 2216 1047 2260 eo
1070 2215 1175 2282 poenae
1198 2196 1322 2263 nomine

221 2293 305 2382 exigi
322 2292 443 2360 debeat
494 2295 656 2360 Praeteres
671 2293 793 2360 etiamsi
808 2293 912 2360 obsint
928 2293 1000 2360 tulis
1016 2293 1209 2380 poenitentiae
1221 2295 1320 2384 signs,

221 2392 368 2458 domnum
384 2393 462 2459 baut
478 2392 605 2458 nimium
622 2414 720 2481 grove
734 2393 862 2481 insuper
879 2393 1056 2459 habendum
1074 2392 1218 2460 Christus
1241 2416 1321 2482 prm-

221 2500 312 2580 oepto
336 2491 528 2559 dimittendus
555 2493 668 2559 tunicse
698 2492 799 2559 docet.
851 2491 937 2570 Quin
966 2500 999 2558 et
1028 2491 1119 2559 Plato
1147 2491 1229 2561 dixit
1258 2515 1322 2561 non

263 2678 275 2712 <i
289 2669 332 2715 Er
341 2671 419 2717 sacris
431 2670 521 2731 iscium
531 2670 657 2717 didicissset
668 2671 743 2717 bomi-
795 2668 809 2730 ἓ
820 2669 842 2717 l.

218 2757 273 2788 num
287 2742 404 2804 miserm]
420 2744 483 2790 Vide
495 2744 620 2803 Originum
630 2744 744 2791 ndocrm
838 2742 921 2790 'Haec
930 2744 1123 2805 enimestsimpli
1135 2747 1251 2796 restitutio
1260 2749 1323 2796 sita

223 2818 323 2866 Ochum.
353 2818 417 2877 (Lib.
429 2831 476 2864 vis.
487 2831 545 2878 psg.
557 2819 622 2876 348.)
793 2817 886 2877 pmsole
901 2816 1031 2879 confirm]
1052 2819 1105 2866 Lex
1119 2821 1321 2884 wisigotthorum

263 2891 495 2952 'Siquinosloesit
510 2892 745 2951 testimomaprohc·
795 2895 897 2949 v1.4,8.

219 2969 279 3016 bilia
288 2969 327 3016 det
334 2970 469 3029 poenitmtis
477 2968 562 3028 ociosi]
577 2968 640 3014 Vide
651 2969 744 3015 Mosem
840 2973 848 3003 2
863 2969 1033 3017 Pecunicrr'am
1047 2970 1168 3033 mulctam]
1184 2973 1248 3021 Vide
1261 2987 1321 3021 enn-

219 3045 390 3091 Mnimcnidsm
412 3044 513 3091 citatum
531 3045 563 3089 nb
585 3043 745 3090 eruditissimo
796 3045 849 3092 dem
863 3045 1048 3092 Constantinum
1059 3047 1082 3094 d.
1093 3061 1146 3107 cop.
1158 3062 1215 3096 vrrs.
1227 3048 1241 3109 ξ
1254 3052 1277 3097 1.

220 3119 379 3168 Constantino
389 3120 451 3166 bhro
462 3120 492 3165 ds
502 3119 590 3165 damno
600 3119 658 3165 doto
668 3119 745 3167 cviii.
839 3126 852 3153 ¹
866 3119 979 3166 Dicortio
995 3133 1021 3166 ss
1036 3121 1139 3169 liberare
1155 3122 1251 3184 moluit]
1268 3123 1321 3172 An·

219 3366 297 3432 tend,
311 3366 391 3421 when
405 3365 443 3421 he
462 3368 570 3439 enjoins
590 3367 761 3439 forgiveness
782 3368 816 3424 of
836 3369 960 3439 inJuries
1003 3368 1056 3424 We
1074 3385 1125 3425 cre
1140 3375 1192 3426 not
1208 3375 1239 3425 to
1253 3387 1319 3442 pro-

219 3469 285 3506 cure
307 3467 341 3505 or
355 3450 422 3505 wish
437 3452 467 3506 ill
482 3458 513 3507 to
527 3469 594 3507 men
607 3452 682 3508 from
700 3453 750 3508 the
771 3452 879 3524 feeling
898 3454 931 3508 oi
947 3452 997 3508 the
1015 3454 1046 3506 ill
1061 3453 1152 3508 which
1166 3456 1235 3527 they
1248 3455 1320 3512 hore

217 3537 292 3599 done
314 3553 355 3591 ns.
401 3537 440 3592 So
464 3537 618 3592 Olsudisn:
646 3538 702 3592 end
726 3555 757 3593 so
780 3539 945 3594 Lsctnniius
967 3537 1024 3592 ond
1046 3538 1184 3594 Ambrose
1211 3545 1321 3598 correct

218 3622 324 3677 Cicero.

271 3712 288 3762 6
314 3709 372 3761 But
386 3706 460 3761 what
474 3725 523 3763 ore
538 3724 579 3764 we
592 3713 624 3762 to
638 3725 688 3779 say
699 3707 733 3764 oi
744 3724 873 3780 revenge,
887 3724 918 3763 ss
932 3707 956 3762 it
970 3711 1103 3778 respectu,
1117 3712 1168 3762 not
1182 3707 1232 3762 the
1245 3718 1319 3780 post,

216 3793 269 3848 but
290 3792 448 3864 proiection
469 3793 515 3848 ior
531 3791 581 3849 the
601 3793 718 3849 future?
753 3794 906 3849 Herculeo
924 3792 1019 3847 Christ
1036 3793 1144 3862 enjoins
1161 3809 1195 3848 ns
1213 3800 1243 3849 to
1261 3796 1319 3851 for-

216 3880 289 3950 give,
310 3878 336 3931 ii
354 3877 390 3932 he
408 3877 470 3932 who
488 3878 538 3933 bns
556 3879 667 3948 injured
685 3896 717 3933 us
742 3879 831 3933 shows
848 3896 904 3950 uny
921 3878 996 3947 signs
1014 3877 1048 3932 of
1068 3880 1232 3949 penitenee3
1259 3877 1318 3951 [see

217 3964 267 4019 tho
281 3978 411 4035 posanges
420 3957 439 4030 3]
460 3963 490 4016 in
508 3963 599 4017 which
616 3962 653 4019 he
666 3964 767 4035 specis
782 3964 816 4018 oi
833 3980 852 4018 s
868 3963 987 4036 plencry
1003 3964 1150 4018 remissiori
1168 3965 1201 4019 of
1216 3966 1317 4038 inJury,

216 4048 308 4103 which
329 4064 395 4119 moy
415 4055 524 4104 restore
545 4048 596 4103 the
622 4049 749 4104 offender
774 4054 805 4104 to
826 4049 871 4104 his
888 4048 995 4103 former
1014 4049 1096 4120 pisce
1118 4051 1147 4104 in
1170 4066 1222 4104 our
1243 4052 1317 4122 good

217 4136 291 4200 will;
319 4132 434 4189 whence
451 4134 475 4188 it
491 4150 611 4205 sppeors
628 4134 692 4190 thst
712 4134 832 4206 nothing
853 4137 877 4190 is
899 4141 929 4190 tc
947 4133 984 4189 be
1006 4136 1137 4206 required
1155 4136 1189 4190 oi
1206 4136 1265 4190 him
1287 4139 1317 4190 in

217 4221 266 4276 the
288 4237 348 4292 wey
369 4219 403 4274 of
428 4219 618 4292 punishment.
665 4221 729 4275 And
747 4237 817 4276 eren
835 4221 862 4275 if
883 4222 958 4292 signs
976 4220 1009 4275 oi
1024 4221 1092 4275 such
1110 4223 1259 4293 penitense
1280 4222 1317 4276 be

216 4307 347 4378 wanting,
373 4322 415 4362 we
443 4323 493 4361 ere
513 4313 564 4362 not
586 4314 616 4361 to
637 4307 705 4364 take
732 4307 756 4361 it
777 4312 825 4362 too
847 4306 982 4378 severely,
1000 4323 1030 4361 ss
1057 4306 1106 4361 the
1133 4312 1258 4378 precept,
1286 4306 1319 4360 oi

214 4393 311 4464 giving
328 4408 381 4448 our
397 4400 462 4449 cest
483 4392 552 4460 slso,
572 4391 670 4450 shows.
715 4391 782 4450 And
804 4409 877 4449 even
900 4393 984 4449 Pisto
1002 4392 1063 4448 ssid
1081 4392 1242 4464 something
1259 4391 1317 4447 like
