2834 4920
210 223 275 287 230
535 231 588 286 DE
610 231 709 287 June
732 230 984 288 SEPULTURAE.
1186 229 1261 300 [bun.
1274 234 1313 291 ΙΙ,

288 400 310 465 3
347 399 454 477 Quare
481 397 692 464 Hebraeorum
715 407 857 466 veterum
880 397 1138 486 interpretatione
1166 398 1316 466 Pontifex

47 520 166 610 pasxa
177 521 194 562 r.
212 497 379 574 Maximus,
402 520 471 564 cum
486 497 601 584 alioqui
618 497 665 563 rei
684 498 738 564 ulli
757 496 882 564 funebri
904 498 1054 564 interesse
1075 506 1246 574 vctamtur,
1265 520 1316 565 re·

74 577 128 618 ‘m'
214 607 337 684 pentum
355 604 461 662 tamen
481 596 636 661 bominem
656 595 863 684 Pinsepultum
879 596 1011 685 sepelire
1028 597 1121 665 etiam
1133 595 1313 684 jubebatur.

47 710 173 807 fflbp„
213 695 382 762 Christiani
399 717 474 762 vero
491 692 571 760 tanti
587 694 729 761 fecerunt
749 695 950 782 sepulturam,
974 704 1011 762 ut
1028 695 1095 783 ejus
1116 716 1218 773 causa,
1235 695 1316 762 sicut

128 783 134 796 ⁴
211 795 253 861 ad
268 815 422 882 pauperes
438 792 575 871 alendos,
592 802 647 859 aut
661 792 703 858 ad
716 794 855 881 captivos
867 794 1073 871 redimendos.
1091 815 1167 861 vasa
1179 793 1315 861 eeclesia

212 893 306 960 etiam
323 893 446 959 initiata
461 891 588 958 conflari
604 900 660 958 aut
676 893 770 958 vendi
785 892 869 958 licite
885 893 1141 961 existimaverint

288 993 310 1056 4
345 993 426 1058 Sunt
446 991 571 1077 quidem
593 999 627 1057 et
642 991 786 1079 exempla
808 991 842 1056 in
861 993 1060 1071 contrarium,
1083 992 1139 1059 sed
1159 992 1316 1060 communi

207 1089 323 1178 judicio
341 1090 505 1158 damnata:

516 1211 600 1266 Hunc
615 1225 665 1266 oro
679 1207 821 1266 “defende
835 1210 978 1268 furorem:

213 1314 261 1375 est
276 1307 362 1395 apud
377 1306 545 1398 Virgilium
561 1311 659 1394 (AEa.
679 1330 712 1378 x.
731 1311 831 1396 905):

603 1428 814 1501 Hominemque
828 1435 962 1485 cruentus

465 1514 560 1581 Exuit,
574 1518 603 1570 et
617 1521 733 1571 tenuem
747 1516 824 1570 cresis
838 1515 939 1571 inridit
953 1530 1076 1571 arenam.

49 1628 200 1670 naccae
214 1608 308 1699 Apud
325 1608 540 1677 Claudianum.
581 1612 739 1678 Diodorus
757 1612 895 1680 Siculus:
921 1610 965 1681 ro*
980 1613 1138 1694 πολεμεῖν
1154 1615 1220 1679 τῶν
1239 1608 1315 1692 ὁμοὲ

48 1676 172 1762 {dlv-⁵²
214 1706 332 1805 φύλων
355 1711 426 1782 τοῖς
452 1707 624 1792 τεθνηκόσι
650 1704 809 1801 θηριῶδες·
830 1714 976 1794 ferinum
996 1724 1043 1779 est
1067 1714 1185 1779 bellum
1204 1734 1315 1798 perere

214 1833 290 1875 cum
306 1810 444 1874 mortuis
461 1812 518 1891 qni
533 1810 670 1892 ejctsdem
686 1823 816 1875 acturos
823 1812 963 1896 fiterint.

281 1907 338 1973 IV.
383 1909 402 1971 1
437 1908 488 1971 De
510 1906 673 1995 insigniter
693 1916 797 1974 tamen
817 1906 997 1973 facinorosis
1016 1907 1108 1975 video
1134 1931 1201 1976 esse
1225 1908 1314 1975 dubi·

212 2005 300 2072 tandi
317 2025 434 2073 musas.
477 2006 545 2070 Lex
565 2004 671 2072 divina
691 2005 838 2072 Hebraeis
854 2006 939 2084 data,
962 2015 999 2073 ut
1015 2008 1113 2074 omnis
1130 2008 1253 2075 virtutis
1269 2007 1315 2073 ita

214 2113 247 2170 et
262 2102 464 2169 humanitatis
482 2103 640 2192 magistra,
658 2104 727 2169 illos
743 2104 826 2192 ipsos
842 2103 895 2191 qui
915 2105 1055 2192 suspensi
1071 2106 1207 2194 patibulo
1225 2115 1315 2172 erant

215 2203 315 2288 (quod
337 2200 429 2268 valde
454 2201 689 2291 ignominiosum
717 2203 909 2270 censebatur.
948 2205 1042 2270 Num.
1060 2227 1133 2271 xxv.
1151 2206 1192 2283 43
1219 2208 1314 2271 Dent

95 2357 99 2366 .
176 2339 196 2370 v.
214 2302 276 2366 xxi.
295 2303 358 2378 23;
383 2303 404 2366 2
422 2300 504 2366 Sam.
522 2301 587 2370 xxi.
605 2304 664 2386 13)
684 2302 792 2368 ecdem
807 2303 858 2369 die
874 2302 998 2392 sepeliri
1010 2303 1109 2390 jubet.
1162 2304 1245 2370 Hinc
1260 2306 1316 2369 Jo-

213 2401 329 2488 sephus
346 2408 467 2467 tantum
484 2403 507 2466 J
508 2399 604 2467 udaeis
619 2399 665 2468 ait
687 2423 755 2468 esse
772 2424 879 2468 euram
896 2402 1074 2490 sepulturae,
1100 2412 1136 2469 ut
1152 2425 1205 2469 eos
1222 2402 1316 2469 etiam

213 2522 346 2586 quorum
371 2521 501 2585 corpora
522 2499 563 2565 ad
585 2500 742 2587 publicum
767 2500 949 2589 supplicium
969 2501 1116 2567 damnata
1136 2511 1218 2578 sunt,
1242 2511 1316 2568 ante

215 2599 287 2664 solis
304 2619 444 2663 occasum
461 2598 572 2664 tollant
588 2607 620 2663 et
637 2599 731 2664 humo
749 2599 914 2664 mandent:
932 2598 1032 2664 etalii
1049 2599 1253 2664 Hebraeorum
1269 2599 1316 2663 in-

214 2704 369 2782 terpretes
389 2695 509 2760 addunt
531 2695 699 2762 exhibitam
720 2697 800 2761 hanc
824 2697 1037 2762 reverentiam·
1054 2696 1166 2762 divinae
1188 2696 1316 2786 imagini

213 2795 256 2860 ad
272 2815 365 2879 quam
380 2793 473 2859 homo
489 2793 530 2860 sit
546 2794 696 2860 conditus.
741 2795 934 2884 AEgisthum,
951 2795 1005 2883 qui
1027 2795 1214 2862 adulterium
1231 2797 1316 2862 caede

259 2951 430 3012 almepaleom
447 2952 545 3011 sepelire
559 2953 630 2999 mum
639 2951 741 3010 jubeba-
791 2955 894 3011 Servius,
909 2954 1062 3002 Inimiocram
1077 2953 1142 3001 ircas
1156 2959 1178 3001 et
1191 2960 1247 3015 post
1255 2955 1317 3016 sata

214 3025 266 3086 tur]
289 3027 357 3074 idern
373 3041 403 3074 ex
419 3027 474 3087 jure
492 3028 615 3086 pontificio
631 3029 741 3074 Romano
791 3031 873 3078 sevire
882 3031 1016 3090 cupientem.

216 3103 311 3151 sevius
322 3108 391 3150 notat
402 3104 447 3163 (ad
456 3105 554 3151 AEneid.
567 3118 602 3151 vu.
614 3105 679 3165 176.)
837 3103 1069 3162 rSepulturortruuli
1078 3101 1248 3164 monentur]
1265 3104 1318 3149 llu-

259 3179 393 3238 sDefiads
403 3178 528 3240 florerem]
564 3181 743 3239 Interpretatur
789 3179 830 3239 jus
839 3179 1002 3224 Romanorum
1019 3177 1092 3223 moris
1101 3179 1191 3225 mentio
1202 3185 1239 3226 est
1253 3179 1318 3238 apud

270 3429 287 3479 3
309 3424 370 3478 Tho
384 3424 506 3478 Hebrcw
520 3424 597 3493 High
614 3425 715 3487 Priest,
730 3422 838 3492 though
857 3438 894 3477 on
909 3422 992 3477 other
1010 3420 1152 3474 occasions
1166 3420 1317 3473 forbidden

217 3515 248 3563 to
261 3508 331 3562 have
343 3509 479 3578 anything
495 3515 526 3562 to
545 3508 581 3562 dc
599 3508 666 3561 with
681 3525 698 3561 a
712 3508 831 3570 funeral,
842 3523 897 3560 was
909 3514 958 3576 yet
972 3502 1156 3560 commanded
1168 3509 1198 3555 to
1213 3502 1285 3571 bury
1299 3521 1317 3555 a

219 3594 291 3648 dead
303 3594 378 3665 body
390 3594 416 3646 if
426 3593 462 3646 hc
477 3592 567 3646 found
583 3594 605 3647 it
620 3593 658 3663 by
678 3592 813 3646 accident.
861 3590 1014 3644 OhrIstians
1026 3585 1147 3656 thought
1163 3586 1212 3639 the
1224 3586 1316 3638 burial

218 3681 252 3735 of
261 3680 309 3734 the
321 3679 393 3733 dead
405 3695 436 3733 so
451 3679 613 3750 important,
627 3678 688 3732 that
701 3678 732 3730 in
748 3676 832 3732 order
845 3682 876 3730 to
891 3674 928 3729 do
943 3676 975 3738 it,
987 3688 1017 3727 as
1029 3672 1059 3724 in
1071 3671 1154 3724 order
1169 3675 1200 3724 tc
1213 3670 1316 3725 relieve

217 3765 267 3819 the
282 3780 360 3835 poor,
375 3781 408 3818 or
422 3772 451 3818 tc
466 3780 579 3819 ransom
593 3763 724 3834 captives,
745 3761 813 3835 they
830 3759 952 3830 thought
968 3759 992 3812 it
1009 3755 1105 3810 lawful
1126 3771 1198 3811 even
1216 3763 1247 3811 to
1264 3756 1317 3810 sell

217 3850 267 3904 thc
283 3849 463 3904 consecrated
475 3849 576 3904 vessels
588 3850 622 3904 of
632 3848 680 3903 the
695 3848 810 3903 church.

273 3941 290 3988 4
312 3934 404 3989 There
419 3951 468 3988 are
486 3934 627 4007 examples
645 3934 679 3988 of
693 3933 785 3988 burial
803 3930 914 3995 denied‚
927 3930 980 3985 but
993 3926 1062 3998 they
1076 3942 1125 3980 are
1139 3926 1317 3981 condemned

218 4020 256 4092 by
271 4020 320 4074 the
335 4036 463 4074 common
474 4019 632 4090 Judgment
669 4020 723 4074 See
737 4017 837 4090 Virgil,
849 4016 995 4079 Claudiam,
1009 4011 1158 4067 Diodorus.

274 4107 324 4160 IV.
364 4112 378 4160 1
402 4105 479 4159 With
492 4106 591 4175 regard
606 4114 636 4160 to
655 4111 736 4176 great
750 4102 899 4165 criminals,
913 4101 993 4156 there
1008 4115 1085 4154 seem
1103 4104 1133 4153 to
1152 4098 1190 4152 be
1204 4096 1316 4152 doubts.

218 4192 281 4246 The
292 4191 413 4247 Hebrew
426 4191 479 4245 law
499 4191 625 4246 directed
637 4191 686 4246 the
696 4190 795 4245 bodies
810 4188 843 4243 cf
856 4187 938 4242 those
953 4186 1015 4240 who
1029 4200 1103 4238 were
1115 4182 1240 4254 publiely
1254 4198 1320 4236 exe-

219 4278 304 4333 cuted
324 4285 353 4331 tc
368 4277 405 4332 be
424 4277 510 4332 taken
525 4294 602 4350 away
614 4277 671 4331 and
685 4277 786 4331 buried
799 4275 897 4329 before
908 4279 1019 4327 suaset:
1043 4269 1100 4324 and
1115 4269 1163 4323 the
1177 4283 1320 4323 commen·

219 4372 308 4420 tators
328 4370 396 4418 note
415 4363 472 4420 this
488 4380 519 4420 as
533 4379 571 4418 an
585 4363 719 4419 evidence
736 4362 770 4418 of
781 4375 930 4417 reverence
947 4359 993 4413 for
1007 4357 1056 4413 the
1070 4355 1164 4410 divine
1184 4355 1276 4422 image
1291 4353 1321 4404 in
