2834 4920
129 296 200 353 (isa.
215 292 298 367 XX]
569 300 622 356 DE
643 302 781 357 POENIS.
1166 293 1229 356 243

128 490 274 558 processu
295 491 316 536 a
332 478 399 538 toto
415 470 456 537 ad
479 480 601 559 partem
621 473 748 561 proprie
765 472 941 552 consistere,
965 473 1067 540 sedin
1083 474 1229 541 habenda

127 569 250 635 ratione
265 569 332 656 ejus
348 570 538 658 aptitudinis,
566 594 637 659 quse
649 573 702 660 jus
722 573 829 639 stricte
846 573 961 639 dictum
974 573 1006 639 iu
1029 596 1063 640 se
1079 596 1141 640 non
1157 597 1229 640 eon·

126 667 235 744 tineat,
261 669 317 734 sed
334 669 523 736 occasionem
540 671 569 738 ci
585 672 651 741 det.
694 673 879 759 Quanquam
895 696 970 739 vero
986 672 1015 738 is
1031 673 1084 760 qui
1101 674 1228 760 punitur

126 774 219 853 aptus
242 776 300 833 aut
321 768 435 858 dignus
452 791 519 835 esse
543 771 638 837 debet
654 771 766 858 puniri,
793 794 855 838 non
871 793 909 837 eo
931 782 1035 838 tamen
1052 773 1084 838 id
1108 781 1228 860 spectat

126 874 163 930 ut
179 865 237 952 ipsi
254 868 382 934 accedat
397 868 523 955 aliquid,
542 870 625 955 quod
642 871 829 959 assignatrix
843 870 965 958 justitia
979 871 1124 957 postulet.
1160 873 1228 936 Nec

126 972 232 1029 tamen
256 965 310 1050 qui
335 966 534 1053 expletrioem
555 969 718 1055 justitiam,
736 990 829 1055 quam
846 971 941 1058 vulgo
962 969 1225 1035 commutatricem

127 1071 248 1140 vocant,
274 1064 307 1129 in
332 1065 431 1151 poenis
461 1067 601 1132 exerceri
622 1068 741 1143 volunt,
767 1068 867 1157 magis
899 1091 934 1133 se
960 1069 1125 1155 explicant.
1176 1070 1227 1133 Ita

126 1159 208 1225 enim
223 1163 381 1251 negotium
398 1164 456 1230 hoc
473 1165 678 1243 considerant,
692 1166 780 1252 quasi
796 1167 917 1232 nocenti
930 1168 1047 1253 aliquid
1064 1167 1224 1244 reddatur,

126 1259 205 1325 sicut
218 1259 251 1325 in
268 1264 476 1329 contractibus
495 1264 562 1329 fieri
579 1265 667 1330 solet.
721 1264 854 1352 Derepit
870 1288 923 1331 eos
945 1266 1084 1353 vulgaris
1102 1265 1224 1342 locutio,

126 1376 189 1441 qua
216 1357 345 1425 dicimus
368 1383 491 1447 poenam
514 1363 623 1428 deberi
651 1363 681 1428 ei
704 1363 757 1450 qui
781 1364 921 1449 deliquit,
947 1365 1031 1450 quod
1055 1365 1148 1450 plane
1178 1374 1226 1430 est

125 1448 260 1548 ἄκυροντ
282 1481 354 1523 nam
378 1460 426 1525 oui
455 1461 582 1547 proprie
607 1461 739 1527 debetur
765 1462 890 1547 aliquid,
914 1463 941 1526 is
965 1463 998 1527 in
1020 1464 1153 1528 alterum
1171 1463 1225 1549 jus

124 1552 228 1621 habet
280 1557 344 1623 Sed
363 1580 432 1623 cum
448 1558 555 1624 deberi
574 1559 665 1624 alicui
682 1582 803 1646 poenam
826 1560 963 1641 dicimus,
989 1561 1066 1626 nihil
1083 1561 1225 1627 volumus

124 1651 208 1718 alind
222 1675 315 1740 quam
332 1678 455 1742 aequum
471 1678 538 1722 esse
554 1666 590 1723 ut
607 1656 762 1744 puniatur.

199 1755 222 1818 3
253 1754 372 1820 Verum
397 1763 502 1820 tamen
524 1763 571 1821 est
596 1756 629 1820 in
650 1757 748 1843 poenis
772 1757 873 1844 primo
891 1780 928 1825 ac
949 1779 1007 1846 per
1028 1781 1061 1824 se
1084 1757 1224 1826 exerceri

124 1849 324 1936 expleti-icem
335 1853 498 1939 justitiam,
524 1854 598 1940 quia
613 1855 728 1921 scilicet
749 1856 802 1941 qui
819 1856 918 1943 punit,
945 1868 981 1923 ut
997 1868 1082 1923 recte
1103 1859 1222 1945 puniat,

118 1946 172 2033 jus
188 1949 305 2016 habere
322 1951 417 2018 debet
439 1952 482 2017 ad
498 1953 696 2039 puniendum,
717 1955 801 2039 quod
821 1955 874 2041 jus
889 1979 929 2021 ex
946 1956 1059 2022 delicto
1084 1958 1224 2022 nocentis

123 2047 269 2114 nascitur.
298 2050 402 2137 Atque
418 2050 477 2115 hae
492 2051 577 2116 inre
593 2062 641 2119 est
656 2053 739 2118 aliud
755 2046 862 2140 “quod
878 2055 920 2120 ad
936 2064 1148 2121 contractuum
1166 2077 1223 2121 ua-

122 2233 191 2282 cim
220 2233 272 2283 Nec
283 2235 406 2283 secundm
415 2237 508 2283 modun
517 2238 589 2299 calpa
599 2254 649 2286 sso-
697 2254 742 2287 neo
752 2242 792 2287 alii
801 2242 954 2302 interpretes,
968 2244 1025 2291 satis
1040 2246 1181 2305 expediunt:
1197 2252 1223 2294 et

122 2308 167 2354 das
181 2314 217 2355 est
228 2310 438 2372 adhibitum,
449 2326 501 2359 cum
512 2313 590 2371 asqjor
602 2314 647 2359 sse*-
697 2312 767 2357 facile
777 2326 793 2357 a
802 2311 916 2358 Librariis
925 2315 1005 2359 omitti
1014 2316 1094 2374 potuit
1104 2318 1223 2375 particula

121 2396 211 2444 sterque
228 2387 386 2446 transprcuio
406 2400 452 2431 non
475 2386 544 2433 anius
565 2387 648 2435 debeat
697 2386 748 2440 etei,
764 2391 863 2445 propter
877 2392 1017 2446 sequentem
1031 2389 1090 2435 tine.
1122 2392 1177 2445 Qus
1191 2391 1222 2437 ds

121 2458 279 2505 mantionis
314 2460 480 2518 pradnmnnri
511 2460 645 2520 supplicio:
697 2461 846 2520 randicium
858 2476 930 2521 penes
941 2462 1043 2510 Criticms
1053 2471 1113 2512 esto.
1138 2465 1221 2527 J.B.]

117 2533 251 2590 maenius
260 2546 312 2580 cass
321 2534 428 2581 domim
437 2534 462 2580 in
470 2535 519 2595 lepe
528 2548 573 2580 saa
580 2548 645 2594 proe·
741 2530 754 2564 ‘¹
771 2532 841 2592 Quod
850 2532 884 2578 ad
893 2538 1051 2580 moucheim
1059 2541 1170 2582 mam
1179 2551 1222 2583 ac·

120 2605 213 2667 aptat:
241 2622 290 2668 pro
310 2623 419 2656 mura
437 2610 539 2670 peccati,
559 2609 605 2656 erit
625 2615 648 2656 ct
697 2604 770 2666 cedit]
787 2608 856 2666 Saepe
873 2607 918 2654 hoo
936 2613 1004 2655 notat
1023 2608 1126 2667 Servius,
1140 2611 1171 2657 sd
1184 2622 1221 2659 tv.

117 2680 247 2740 placarum
256 2682 344 2729 modu.
363 2683 424 2730 Vide
434 2683 497 2728 inira
504 2683 550 2729 hoo
559 2684 647 2743 eapite,
696 2680 821 2737 AEneidos,
833 2684 908 2740 (vers.
919 2682 978 2739 tto)
989 2697 1044 2729 nam
1059 2685 1101 2744 qut
1110 2686 1223 2732 excedant

120 2752 232 2815 §uult
249 2762 274 2803 et
289 2758 363 2803 xxxii.
379 2763 404 2804 et
419 2758 472 2805 Lib.
487 2770 527 2803 ιιι.
543 2770 564 2804 c.
579 2758 612 2804 xi.
622 2758 645 2819 ς.
697 2755 845 2816 delinquendi
869 2757 968 2813 modun,
989 2759 1037 2818 ipsi
1057 2760 1104 2805 sihi
1126 2775 1222 2820 pernam

121 2826 164 2886 [In
179 2829 234 2875 loco
250 2830 342 2877 Tactus
358 2831 488 2891 legendum
504 2831 562 2877 mihi
579 2832 645 2877 vide·
696 2832 810 2876 sannam.
850 2831 943 2877 Ibidem
958 2833 992 2890 (in
1003 2846 1067 2881 vers.
1080 2834 1136 2894 999)
1152 2836 1221 2883 dam-

119 2904 176 2948 tnr:
191 2900 239 2949 Sin
246 2904 349 2964 flagitia
361 2905 514 2963 etfaciam,
529 2916 584 2950 urst
595 2905 645 2951 sins
695 2919 754 2950 nare
766 2910 800 2950 est
809 2905 886 2950 dedito
896 2906 1007 2963 liberare,
1017 2910 1077 2954 ande
1087 2922 1221 2957 nsuusnrs

118 2975 303 3024 nodosuttro.
318 2977 377 3023 alias
389 2991 437 3022 non
447 2982 541 3024 wustat
555 2992 645 3033 sensus,
695 2989 728 3021 nu
750 2989 856 3029 Quoque
877 2989 960 3023 vonss.
990 2981 1030 3025 Ad
1051 2995 1076 3027 x.
1095 2983 1220 3038 AEneidos,

119 3062 192 3107 quem
207 3062 252 3097 nso
266 3050 443 3098 Freinshemius
458 3051 483 3096 ln
498 3051 645 3111 paraphrasi,
696 3050 767 3107 (vers.
775 3051 815 3110 32)
823 3062 906 3097 nussr
913 3063 1043 3098 recessa:
1060 3054 1221 3111 identidat,

118 3297 180 3351 sion
195 3304 225 3352 to
239 3298 271 3352 it.
316 3297 381 3352 And
401 3298 538 3370 although
552 3299 589 3353 he
601 3298 663 3352 who
678 3299 702 3351 is
714 3296 852 3368 punishod
864 3297 953 3368 ought
967 3304 998 3352 to
1012 3297 1083 3354 haro
1101 3303 1219 3356 amorsl

118 3381 212 3446 elsim,
233 3398 266 3436 or
282 3388 314 3436 to
331 3383 368 3437 be
385 3383 503 3455 worthy,
521 3390 552 3439 to
575 3384 611 3438 bn
634 3382 782 3453 punishcd,
799 3382 858 3436 still
881 3382 944 3437 that
964 3383 1032 3438 does
1059 3392 1109 3440 not
1129 3403 1165 3457 go
1187 3394 1218 3443 to

117 3482 205 3537 prove
217 3466 279 3521 that
293 3466 392 3521 hohas
405 3469 475 3522 such
490 3485 508 3523 a
521 3469 629 3539 quality
643 3485 674 3522 as
688 3467 853 3522 attributive
861 3469 963 3537 justice
975 3469 1107 3539 requires.

168 3552 227 3607 But
240 3551 352 3607 neither
363 3553 400 3607 do
412 3552 480 3625 they
493 3552 554 3608 who
568 3553 636 3607 hold
647 3552 710 3607 that
721 3552 874 3624 expletory,
885 3569 926 3617 or,
940 3569 970 3607 as
984 3555 1008 3608 it
1022 3556 1045 3607 is
1059 3559 1220 3631 commonly

117 3636 217 3701 called.
232 3644 439 3709 commutatory
448 3639 559 3707 justice,
569 3638 594 3692 is
606 3637 747 3693 exercised
757 3638 787 3690 in
796 3637 990 3703 Puuishment,
1002 3640 1113 3711 explain
1126 3642 1218 3697 them·

116 3721 206 3776 salves
223 3720 326 3777 better.
363 3724 420 3777 For
435 3723 502 3793 they
514 3723 615 3793 rogard
629 3722 678 3777 the
692 3722 865 3776 transaction
882 3739 913 3777 ns
931 3722 958 3777 it*
972 3725 1131 3797 something
1145 3744 1219 3784 wore

115 3806 184 3876 paid
202 3812 233 3861 to
253 3805 303 3862 the
317 3807 453 3871 offendor,
471 3824 503 3862 as
521 3808 545 3862 is
563 3807 722 3878 commonly
737 3807 811 3860 done
829 3807 859 3860 in
879 3814 1029 3863 contracte.
1068 3811 1148 3883 They
1169 3830 1219 3869 are

115 3890 250 3947 deceived
261 3892 300 3963 by
311 3892 361 3948 the
375 3893 472 3964 vulgar
484 3893 644 3963 expression
655 3892 685 3946 in
699 3891 790 3945 which
804 3907 846 3947 we
860 3908 910 3963 say
922 3891 984 3946 that
996 3895 1183 3952 Punishment
1194 3900 1218 3953 is

116 3977 159 4030 tlte
175 3978 227 4031 dac
245 3976 279 4031 of
293 3977 354 4031 him
370 3976 431 4032 who
452 3976 503 4031 has
523 3977 712 4047 transgressed
720 3995 730 4042 ;
747 3975 838 4031 which
854 3977 878 4029 is
894 3976 1001 4048 plainly
1019 3995 1056 4033 sn
1074 3981 1218 4053 improper

115 4063 286 4134 expression,
304 4062 350 4117 for
364 4062 401 4115 ho
420 4068 451 4117 to
470 4062 561 4117 whom
575 4061 712 4133 anything
738 4062 762 4115 is
781 4061 915 4133 properly
931 4078 949 4115 a
968 4062 1032 4127 due,
1044 4063 1095 4118 has
1109 4082 1128 4119 a
1141 4067 1218 4137 right

115 4162 184 4202 over
194 4146 323 4203 another.
365 4148 423 4202 But
435 4146 516 4201 when
529 4164 570 4201 we
582 4164 631 4219 say
643 4145 706 4201 that
716 4146 898 4218 punishment
908 4147 932 4200 is
943 4163 999 4217 any
1011 4142 1086 4202 ono’s
1098 4148 1163 4213 due,
1176 4168 1218 4206 we

114 4247 198 4287 mean
213 4232 333 4303 nothing
345 4232 403 4286 else
417 4231 487 4286 than
498 4231 561 4287 that
574 4233 598 4286 it
610 4232 632 4286 is
641 4233 701 4302 just
712 4231 775 4285 that
789 4231 826 4285 he
838 4230 939 4285 should
953 4231 990 4285 be
1001 4232 1150 4302 punished.
1264 4232 1266 4237 '

166 4322 183 4372 3
205 4317 280 4382 still,
293 4316 431 4381 however,
442 4318 466 4371 it
477 4317 501 4371 is
515 4325 587 4383 truc,
601 4317 663 4373 that
676 4318 706 4372 in
721 4316 902 4388 punishment
913 4314 962 4369 the
972 4317 1076 4385 justice
1088 4315 1179 4370 which
1193 4317 1217 4372 is

114 4402 258 4459 exereisod
275 4403 299 4459 is
313 4404 344 4457 in
355 4402 406 4458 the
419 4401 481 4458 first
492 4402 573 4474 place
587 4403 644 4457 and
651 4419 704 4473 por
713 4419 739 4456 se
750 4402 897 4474 expletory
906 4398 1218 4636 ,ἱαιῊο
