2834 4920
125 294 194 350 cn.
208 294 290 364 xm]
566 295 617 349 nn
640 293 777 349 scarus.
1162 283 1224 348 309

123 459 265 535 minibus,
281 468 316 526 ut
333 458 446 548 Lysias
463 456 588 536 indicat,
609 456 739 546 injustos
755 456 920 544 puniendo.
960 457 1117 524 Diodorus
1135 455 1220 523 Sicu·
1234 471 1361 559 Μυῒ

123 559 171 624 lus
199 559 239 625 de
265 581 301 625 eo
326 559 369 624 sic
394 557 552 644 loquitur:
582 555 659 630 τοάς
687 559 956 650 παρανομοῦντας
986 554 1174 650 ἀνθρώπους
1200 553 1366 638 iamir-1⁷·

122 652 281 732 duriores
304 652 529 751 ὑπερηφάνους
550 652 757 733 ἀποκτείνας,
782 653 842 730 τάς
864 654 979 730 πόλεις
995 654 1147 738 ἐποίησεν
1170 652 1220 725 ed·

120 751 283 835 dolueras·
303 761 446 824 bominac
462 759 598 842 ἀρημενος
614 769 645 823 et
660 779 750 841 reyes
769 758 937 823 insolentes
955 759 1091 822 tollertdo
1109 759 1220 823 beatos

122 859 280 924 reddebat
296 861 456 924 civitatee.
506 855 590 921 Alibi
607 855 705 921 dixit:
734 851 864 936 ἐπῆλθε
882 853 946 936 την
962 850 1149 937 οἰκουμένην
1167 885 1219 923 κο·
1232 882 1252 912 v·
1261 873 1291 918 :a

120 953 232 1052 λάζων
248 954 325 1030 raia
341 950 476 1027 ἀδίκους·
500 958 607 1022 orbem
624 956 704 1020 obiit
720 978 838 1040 peaes
861 957 902 1021 cle
917 957 1042 1041 iniquis
1064 967 1219 1041 expetara

123 1059 185 1122 Dio
202 1056 393 1122 Prusaeensis
409 1056 449 1122 de
466 1055 594 1122 eodem:
612 1053 687 1127 τοάς
699 1051 858 1147 πονηροάς
873 1049 1059 1148 ἀνθρώπους
1073 1050 1219 1149 ἐκόλαζε,
1233 1071 1365 1168 &sept-R

1194 1149 1202 1176 ,
1276 1144 1311 1156 ..
1366 1146 1372 1157 .

123 1156 176 1226 καί
195 1158 262 1225 τῶν
287 1151 504 1249 ὑπερηφάνων
520 1150 698 1248 ἀνθρώπων
722 1149 865 1223 κατέλυε
890 1159 942 1222 καί
965 1149 1133 1252 ἀφῃρεῖτο
1156 1183 1222 1235 την

123 1253 281 1346 ἐξουσίαν·
305 1259 448 1323 moines
464 1256 568 1322 maleo
578 1256 754 1340 puniebat,
773 1266 804 1319 et
819 1255 1028 1339 superborum
1051 1275 1152 1339 royac
1169 1256 1222 1319 de-

121 1359 281 1436 struebat,
304 1364 363 1421 aot
383 1358 421 1421 ia
443 1357 529 1421 alios
551 1355 776 1440 transferebat.
824 1352 982 1419 Aristides
1006 1352 1039 1417 in
1064 1353 1221 1418 Panathe-

123 1457 212 1522 naico
229 1456 274 1522 ait
288 1477 359 1521 eum
376 1461 518 1541 suscepta
532 1453 685 1518 communi
700 1451 827 1519 humani
844 1451 968 1541 generis
984 1473 1059 1517 cura
1073 1451 1222 1517 meruisse
1233 1476 1360 1568 iffi&

123 1555 157 1621 in
180 1555 266 1621 Deos
289 1553 413 1623 referri.
465 1553 626 1619 Laudatur
649 1551 791 1618 similiter
808 1551 949 1617 Theseus
972 1551 1058 1637 quod
1083 1550 1222 1616 latrones
1268 1551 1275 1571 ¹

125 1655 264 1730 Scirona,
281 1653 378 1731 Sinin,
396 1661 429 1721 st
446 1655 616 1719 Proeusten
632 1651 801 1727 sustulerit,
817 1672 910 1737 quem
926 1650 970 1716 sic
987 1650 1027 1716 de
1043 1671 1077 1716 se
1093 1650 1223 1736 loquen-

123 1762 187 1821 tem
206 1756 415 1846 Supplioibua
431 1751 548 1819 inducit
565 1750 731 1839 Euripides
745 1753 837 1835 (vers.
857 1752 934 1827 340,
952 1751 1051 1836 341):

338 1872 454 1929 Pridem
467 1872 594 1928 facinora
606 1888 711 1927 nomen
724 1871 779 1926 hoc
793 1886 846 1942 per
861 1869 1000 1926 Graeciam

336 1961 408 2014 Mihi
423 1959 571 2023 dederunt,
585 1949 675 2014 ‘ulam
688 1964 721 2012 nt
735 1957 874 2012 scelerum
888 1973 979 2013 vocer.

122 2059 268 2125 Valerius
289 2059 446 2125 Maximus
462 2059 503 2125 de
526 2057 655 2124 eodem:
681 2059 838 2144 quicquid
860 2059 978 2144 abique
998 2058 1136 2124 mmaetri
1159 2069 1223 2123 out
1234 2088 1279 2129 ns
1288 2100 1309 2128 v.
1317 2088 1336 2127 ³.
1344 2096 1367 2127 a.

123 2160 253 2226 sceleris
259 2161 344 2244 fuit,
361 2162 481 2225 virtute
498 2159 605 2223 animi
621 2180 662 2223 αο
677 2159 791 2222 robore
807 2158 931 2222 dextrae
948 2160 1146 2224 comminuit.
1233 2137 1302 2176 Μ’

201 2261 222 2321 3
259 2256 310 2323 Sic
331 2278 393 2321 non
411 2255 587 2323 dubitamus
604 2255 680 2344 quin
694 2254 781 2343 justa
801 2254 864 2322 sint
884 2256 966 2321 bella
987 2255 1020 2321 in
1042 2277 1096 2321 eos
1115 2255 1168 2342 qui
1190 2254 1222 2320 in

122 2365 271 2442 parentes
285 2355 371 2442 impii
386 2363 468 2431 sunt,
490 2354 597 2441 quales
614 2353 763 2444 Sogdiani
783 2363 951 2441 antequam
968 2376 1021 2420 eos
1045 2354 1223 2420 Alexander
1235 2377 1287 2464 {gg
1297 2379 1387 2475 gem

124 2454 204 2520 hanc
227 2454 383 2520 feritatem
406 2454 590 2521 dedeceret:
614 2453 648 2520 in
672 2475 725 2519 eos
749 2453 803 2540 qui
825 2452 980 2541 lhospites
1002 2453 1164 2519 occidunt:
1190 2472 1329 2518 maan.

122 2630 264 2690 Respondet
274 2630 395 2676 Theseusr
694 2642 783 2688 passus
792 2628 893 2688 injuria,
898 2643 947 2690 pro
957 2629 1015 2676 aliis
1025 2629 1051 2675 ia
1061 2628 1222 2676 minuma·

145 2705 209 2747 ὀσοι
217 2705 353 2758 despinal·
362 2703 504 2757 muetos
512 2703 634 2758 κολάζομεν.
698 2702 734 2749 lor
743 2704 852 2764 impetum
860 2704 971 2763 sambae,
987 2703 1055 2766 (pag.
1067 2706 1096 2752 37
1107 2704 1145 2764 ο.)

146 2771 258 2820 him*
282 2770 338 2810 Nm
350 2770 415 2810 ΝΜ
425 2780 468 2810 ¹¹⁰⁰
478 2770 586 2819 mm
743 2779 754 2811 ⁷
769 2779 913 2841 Exemplum
930 2781 1004 2840 istud,
1022 2781 1088 2841 qnod
1104 2781 1130 2826 in
1147 2781 1226 2841 prima

123 2849 267 2896 Plutarchus
290 2851 315 2896 in
335 2851 388 2911 ejus
406 2851 468 2898 vita:
493 2850 650 2907 ἀπήλλαττε
698 2852 811 2900 Editione
823 2855 921 2914 legitur,
935 2855 961 2900 in
974 2855 1027 2901 aliis
1040 2857 1150 2901 omnibns
1163 2855 1226 2903 exci-

123 2925 171 2981 τήν
181 2924 294 2972 Ἐλλάδα
304 2925 388 2973 δεινῶν
398 2925 533 2986 τυράννων·
539 2928 650 2986 pusionis
698 2929 774 2975 derat.
803 2929 889 2989 Neque
899 2930 962 2975 enim
973 2930 1075 2976 ullaluit
1085 2932 1147 2976 ratio
1158 2932 1226 2977 Aue·

122 3000 232 3060 lyraaas's
263 2999 382 3048 &ceam
411 3001 529 3050 liberauit.
570 3000 647 3050 Itemz
698 3003 746 3048 tori
761 3002 886 3062 ejiciendi:
909 3007 935 3049 et
954 3004 979 3048 in
1001 3005 1080 3049 animo
1101 3005 1225 3061 habuerat,

123 3075 193 3122 coeto
206 3076 281 3122 uiris
293 3075 449 3134 ἀδικούμενος
461 3075 575 3135 ὅρμησαν
587 3076 649 3136 ὑπὲρ
698 3076 764 3136 quod
787 3077 817 3122 de
835 3076 954 3123 veteribus
975 3077 1068 3138 Scythis
1086 3079 1190 3124 refertur
1210 3091 1226 3123 a

122 3148 268 3197 alabastri
287 3150 346 3196 τοὺς
364 3149 494 3209 πονηρούς·
517 3149 580 3196 ntae
599 3151 649 3210 ipsc
699 3152 846 3209 Srasaons,
860 3150 1164 3212 Gsoqr.1.ib.v11.p.300.
1188 3151 1224 3199 0-

123 3399 198 3456 from
212 3402 315 3458 others
348 3401 455 3458 Indead
467 3403 524 3459 itis
539 3419 617 3459 more
634 3403 809 3460 honourable
828 3410 858 3461 to
873 3403 976 3477 punish
993 3403 1043 3461 the
1062 3405 1177 3477 injurios
1193 3406 1227 3461 os

124 3487 219 3543 others
233 3489 303 3543 than
314 3504 385 3561 your
395 3505 466 3555 own,
478 3490 507 3543 in
521 3491 686 3562 proportion
698 3507 738 3555 as,
752 3493 782 3545 in
794 3508 866 3562 your
877 3508 947 3556 own,
959 3491 983 3544 it
996 3493 1019 3547 is
1034 3497 1065 3547 to
1079 3492 1115 3547 be
1126 3492 1224 3548 feared

124 3573 178 3628 lest
197 3589 215 3628 a
232 3591 333 3646 person
352 3592 424 3647 may,
439 3575 541 3646 bytho
561 3592 642 3630 sense
664 3576 697 3631 of
715 3576 759 3632 his
774 3594 837 3632 own
851 3577 926 3649 pain,
944 3576 1036 3633 either
1048 3578 1152 3633 exceed
1166 3578 1223 3634 due

123 3676 259 3725 measure,
273 3677 306 3715 or
317 3660 414 3715 vitiata
427 3661 471 3715 his
485 3661 563 3714 mind
576 3661 643 3715 with
654 3662 762 3717 malice.

177 3750 194 3799 2
223 3744 288 3800 And
307 3763 344 3800 on
363 3746 419 3802 this
440 3752 560 3801 account
581 3748 718 3802 Hercules
732 3749 755 3802 is
769 3747 881 3820 praised
901 3747 940 3818 by
961 3748 1012 3803 the
1031 3749 1157 3805 ancients
1177 3749 1224 3805 for

123 3828 227 3902 haring
240 3831 321 3886 freed
335 3831 385 3886 tho
404 3832 472 3887 land
491 3832 565 3886 from
585 3833 708 3898 Antaeus,
728 3834 843 3899 Busiris,
862 3833 1024 3897 Diomedes,
1043 3834 1100 3889 and
1117 3836 1224 3890 similar

123 3922 249 3988 tyrants3
266 3917 377 3988 having,
388 3935 419 3974 as
432 3919 539 3973 Seneca
550 3935 621 3990 says,
632 3919 733 3991 passed
744 3918 867 3991 through
880 3918 929 3973 the
941 3918 1007 3973 land
1019 3921 1111 3975 notin
1123 3937 1224 3976 concu-

122 4003 260 4074 piscenco,
275 4002 328 4058 but
344 4004 374 4057 in
389 4005 449 4074 just
463 4004 647 4075 indignation,
662 4004 719 4058 and
733 4004 799 4059 thus
812 4005 898 4076 being
912 4003 961 4060 the
978 4005 1082 4060 author
1100 4005 1133 4060 of
1143 4010 1224 4076 great

123 4088 197 4158 good
209 4095 239 4143 to
252 4105 326 4144 man.
374 4090 413 4144 So
434 4089 540 4159 Lysias,
554 4090 703 4154 Diodorus,
715 4091 771 4144 Dio
785 4090 968 4156 Pnuaensis,
979 4090 1124 4145 Aristides.
1149 4091 1222 4144 The·

122 4189 186 4228 seus
211 4174 235 4229 is
260 4174 371 4246 praised
392 4175 422 4227 in
449 4174 506 4228 like
529 4191 646 4230 manner
666 4175 712 4230 for
732 4176 877 4247 removing
898 4174 948 4231 the
970 4175 1085 4230 robbers
1116 4174 1224 4239 Sciron,

124 4257 208 4325 Sinis,
220 4260 275 4313 and
291 4260 448 4314 Procustes.
496 4260 550 4314 See
562 4261 720 4333 Euripides,
730 4260 861 4315 Valerius
873 4260 1020 4316 Maximus.

178 4351 194 4400 3
224 4344 302 4400 Thus
314 4362 355 4399 we
366 4345 403 4399 do
415 4350 465 4399 not
477 4344 566 4400 doubt
577 4347 640 4401 that
651 4363 708 4401 war
719 4346 742 4400 is
753 4346 814 4416 just
824 4346 935 4416 against
946 4344 1026 4400 those
1038 4342 1099 4398 who
1112 4360 1160 4399 arc
1172 4343 1226 4400 im-

121 4429 204 4507 pious
213 4431 323 4503 against
330 4430 405 4485 their
412 4436 541 4503 parents;
553 4431 622 4488 such
630 4448 662 4488 as
669 4432 719 4487 the
728 4430 865 4502 Sogdians
873 4446 953 4497 were,
960 4429 1058 4486 before
1066 4430 1225 4486 Alexander
