2834 4920
131 262 200 317 cu.
216 257 296 328 xxi
574 259 625 313 nu
648 259 785 314 renuis,
1170 255 1232 315 305

135 422 286 487 bertatem
305 417 466 506 judicandi
483 426 579 507 auget
600 426 656 484 aut
676 416 795 495 minuit,
816 418 972 484 interdum
990 425 1023 484 et
1043 419 1231 505 pravitatem

135 519 229 586 animi
245 519 390 585 ostendit.
435 518 577 597 Qualitas
593 517 707 604 partim
725 518 766 584 ad
783 539 901 607 genera
922 517 1115 604 appetituum
1133 520 1231 584 refer·

135 628 197 696 tur,
221 618 338 707 partim
358 619 400 685 ad
425 640 533 684 causas
550 639 621 703 quae
644 617 829 682 abstrahere
849 617 1040 703 apeccando
1065 618 1230 686 debebant.

137 718 303 797 Quantitas
327 739 450 805 qnoque
475 718 517 784 ad
541 717 714 804 appetitum
737 717 902 783 reserenda
927 725 984 783 est.
1026 719 1167 784 Eventus
1189 719 1231 785 ad

135 839 243 884 causas
260 817 485 883 abstrahentes.

212 917 402 983 XXXVIII.
454 914 561 983 Solere
577 935 678 1001 poenae
694 915 879 1002 expetenda
899 937 992 983 cansa
1007 914 1091 983 bella
1107 916 1228 1005 suscipi,

136 1024 170 1082 ct
186 1036 282 1104 supra
298 1016 486 1082 ostendimus
503 1023 535 1079 et
551 1016 665 1101 passim
682 1014 795 1080 docent
811 1014 969 1082 historiae:
994 1037 1032 1081 ac
1048 1015 1230 1104 plerumque

136 1116 204 1181 haee
223 1137 317 1181 causa
331 1114 431 1181 altera
453 1112 493 1180 de
513 1108 627 1179 damno
644 1114 820 1201 reparando
840 1114 1003 1202 conjuncta
1022 1124 1080 1191 est,
1104 1117 1230 1202 quando

136 1214 217 1281 idem
234 1222 322 1280 actua
339 1221 372 1280 et
384 1212 511 1280 vitiosus
527 1212 588 1279 fuit
603 1221 636 1278 et
653 1213 798 1278 damam
814 1212 918 1300 reipsa
932 1213 1046 1292 intulit,
1063 1236 1102 1279 ex
1118 1216 1230 1301 quibus

135 1313 255 1379 duabus
272 1311 471 1399 qualitatibus
489 1312 560 1377 dure
577 1311 709 1378 diversa
726 1323 894 1378 naseuntur
909 1313 1123 1400 obligationes.
1156 1316 1229 1380 Non

134 1434 202 1478 esse
226 1421 331 1478 autem
350 1411 433 1478 bella
452 1411 644 1496 suscipienda
669 1411 709 1477 ob
726 1411 840 1478 delicta
853 1413 972 1498 qnoevis
994 1412 1070 1479 satis
1089 1422 1228 1480 constat:

134 1533 208 1577 nam
223 1533 264 1578 ne
286 1511 371 1599 leges
386 1510 511 1596 quidem
534 1530 620 1575 suam
637 1509 721 1575 illam
738 1510 895 1588 ultionem,
919 1533 990 1598 quae
1004 1518 1074 1577 tuto
1097 1534 1154 1578 nee
1170 1512 1229 1578 nisi

134 1611 314 1677 nocentibus
330 1619 429 1686 nocet,
452 1608 594 1675 omnibus
608 1609 704 1695 culpis
720 1608 911 1696 impendunt
958 1612 1067 1686 Recte,
1084 1619 1121 1676 nt
1136 1611 1229 1677 modo

133 1708 274 1786 diximus,
304 1710 438 1796 Sopater
466 1715 613 1796 oportere
641 1708 695 1784 ait,
719 1730 756 1774 ea
786 1730 857 1794 qnae
881 1707 1060 1775 minorant
1086 1709 1229 1799 vulgaria

132 1816 205 1875 sunt
220 1807 335 1874 delicta
351 1807 545 1882 dissimulari,
563 1829 624 1872 non
640 1806 799 1873 vindicari.

206 1909 363 1973 XXXIX.
408 1909 426 1972 l
463 1907 545 1972 Illud
562 1915 666 1972 autem
682 1906 766 1992 quod
788 1906 822 1972 in
840 1906 979 1974 oratione
994 1929 1051 1996 pro
1069 1908 1228 1976 Rhodien-

131 2007 216 2075 sibus
231 2028 252 2074 a
267 2008 387 2073 Catone
400 2006 516 2072 dictum
533 2005 601 2084 fuit,
617 2027 680 2070 non
696 2027 763 2071 esse
780 2028 902 2092 aequum
919 2029 1026 2094 poenas
1041 2030 1227 2095 quemquam
1240 2027 1365 2069 eume

131 2106 209 2173 dare
234 2106 273 2174 ob
298 2128 368 2172 eam
392 2128 460 2171 rem
485 2105 569 2191 quod
592 2113 746 2193 arguatur
771 2106 980 2172 malefacere
1005 2107 1146 2185 voluisse,
1172 2130 1227 2174 sno

131 2206 256 2292 quidem
272 2205 339 2272 loeo
355 2226 418 2270 non
438 2204 520 2269 male
537 2211 606 2270 erat
622 2203 766 2290 positum,
791 2205 996 2290 quianullum
1017 2206 1124 2294 populi
1142 2207 1229 2273 Rho-

132 2304 246 2371 diensis
262 2305 422 2371 decretum
438 2303 556 2370 adferri
570 2311 704 2390 poterat,
729 2303 785 2369 sed
801 2303 896 2368 animi
918 2304 1095 2370 fluctuantis
1110 2305 1228 2391 conjec-

130 2413 230 2472 tura:
255 2402 474 2470 universaliter
499 2411 604 2468 autem
633 2401 692 2467 hoc
713 2401 924 2489 recipiendum
950 2424 1012 2468 non
1034 2411 1093 2469 est.
1144 2405 1228 2469 Nam

130 2504 275 2571 voluntas
299 2525 369 2590 qua
390 2503 431 2569 ad
451 2509 597 2568 externos
618 2509 706 2567 actus
731 2501 880 2589 processit
903 2501 1056 2585 (internos
1077 2500 1160 2566 enim
1186 2502 1228 2568 ab

129 2667 155 2727 'a
169 2681 248 2728 sarm
260 2678 369 2740 aazia.
394 2678 464 2738 (rag.
475 2679 520 2726 sos
530 2676 565 2737 a.)
591 2675 653 2725 oum
705 2679 744 2723 sor
760 2677 833 2724 uere
846 2678 955 2738 equitur
970 2679 1159 2726 emendationem
1177 2693 1230 2728 aa.

129 2757 166 2802 bis
183 2755 294 2802 conserit
315 2754 380 2814 quod
397 2767 426 2799 ex
444 2752 556 2799 Labeone
575 2752 654 2798 adfert
705 2757 754 2799 tam
770 2753 899 2813 (quidquid
915 2754 980 2800 dieat
989 2760 1120 2815 perpetuus
1133 2756 1229 2802 obtrec-

129 2830 247 2890 Ulpianus
256 2828 272 2874 l.
288 2827 470 2888 pratoredixit,
484 2828 508 2874 7.
522 2826 547 2871 in
562 2826 610 2873 fine
620 2826 653 2871 1).
704 2831 770 2874 tator
787 2828 844 2874 Gul
860 2829 995 2886 Ferrarius,
1017 2831 1099 2879 Seleet.
1115 2845 1133 2879 1.
1149 2835 1186 2879 21.
1204 2837 1229 2880 et

127 2904 158 2951 de
169 2904 269 2964 injuriis.
289 2903 398 2950 Persona
407 2902 512 2948 atrocior
519 2901 653 2960 injuriasit,
704 2907 820 2961 postcom
827 2903 867 2949 alii
875 2905 1017 2964 prejudiciis
1025 2907 1147 2966 obcecati)
1158 2909 1229 2954 Sum·

128 2977 374 3039 ammoneret,
384 2977 653 3036 comperendinare
704 2978 737 3023 rui
751 2978 865 3034 Cursori,
880 2979 922 3037 qni
939 2992 984 3038 pro
999 2980 1119 3026 Woetors'r
1134 2983 1160 3026 in
1174 2997 1229 3029 eon.

120 3055 188 3114 fian·
203 3058 311 3114 tenpore,
325 3053 348 3098 si
362 3050 426 3098 ludis
440 3056 462 3097 el
476 3051 501 3096 in
515 3055 652 3110 eonspeetm
702 3058 788 3112 speetu,
803 3052 931 3112 legendum
948 3054 1050 3109 censuit,
1070 3055 1160 3113 Populi
1176 3056 1229 3102 Ro·

127 3144 183 3176 acra
193 3129 279 3189 populi
288 3127 392 3174 Roiani
406 3128 432 3173 in
446 3131 567 3186 compertu
582 3141 614 3172 aa
627 3127 653 3172 is
702 3129 768 3173 mari
777 3128 803 3174 in
812 3132 941 3187 conspectu,
957 3140 1109 3188 erroremque
1120 3143 1150 3176 ex
1162 3130 1230 3191 siglis

126 3205 253 3253 solitudine
265 3204 357 3263 iniuria
365 3203 439 3264 sacta
453 3204 493 3258 eit,
508 3203 604 3248 multum
614 3203 651 3248 in·
702 3207 783 3250 ortum
793 3203 973 3250 demonstrarit.
1001 3201 1082 3265 J.B.]

127 3286 211 3329 teresse
220 3281 264 3330 nit.
284 3279 326 3341 [In
336 3279 380 3325 hae
387 3279 453 3339 Lege
460 3277 579 3324 laudande
585 3277 652 3325 Auc-

128 3526 254 3598 damnge,
268 3525 349 3581 when
363 3525 412 3582 the
426 3542 503 3582 same
518 3531 564 3581 aet
583 3543 639 3581 was
652 3525 723 3582 both
741 3526 845 3582 ricinus
862 3526 919 3582 and
936 3525 1080 3599 produced
1094 3526 1227 3598 damage:

127 3611 202 3667 from
220 3612 311 3667 which
330 3620 385 3667 two
406 3613 535 3684 qualities
550 3618 606 3668 tro
624 3613 754 3668 different
769 3613 937 3685 obligations
951 3613 1031 3668 ariae.
1069 3612 1144 3668 That
1158 3630 1229 3669 wara

127 3714 176 3753 are
190 3705 241 3753 not
256 3704 286 3753 to
297 3698 334 3753 be
347 3697 523 3753 undertahen
535 3697 581 3752 for
592 3715 675 3769 every
686 3697 803 3763 inultis
821 3699 937 3754 obvious
952 3697 1081 3769 enough3
1098 3698 1144 3754 for
1157 3715 1228 3755 even

127 3782 177 3853 tho
189 3783 254 3838 lare
273 3783 309 3838 do
324 3790 375 3839 not
389 3784 475 3856 apply
486 3783 560 3839 their
579 3783 729 3838 vindictive
744 3784 890 3855 operation
905 3790 935 3838 to
955 3783 993 3837 all
1007 3784 1102 3850 fanlts,
1119 3783 1228 3856 though

127 3867 195 3940 they
204 3869 359 3940 onlyharm
371 3869 420 3924 the
431 3870 530 3941 guilty.
561 3868 628 3923 This
643 3869 762 3939 isright,
774 3886 804 3923 as
816 3886 857 3924 we
868 3869 940 3924 hare
951 3868 1019 3923 said.
1049 3870 1087 3925 So
1098 3871 1227 3942 Sopater.

181 3954 323 4008 XXXIX.
362 3961 376 4009 1
398 3954 484 4009 What
496 3955 566 4009 (lato
579 3954 638 4009 said
650 3954 696 4008 for
707 3953 756 4008 the
767 3953 921 4019 Rhodiam,
932 3954 995 4009 that
1006 3955 1030 4010 it
1040 3972 1095 4010 was
1107 3963 1157 4009 not
1167 3957 1229 4025 just

126 4035 190 4094 that
208 4056 227 4095 a
246 4056 348 4111 person
362 4039 464 4094 should
479 4039 515 4094 be
528 4039 667 4112 punished
683 4039 729 4094 for
748 4039 798 4095 the
817 4041 872 4094 eril
890 4040 980 4095 which
997 4040 1104 4095 hewse
1118 4037 1228 4110 alleged

127 4124 194 4197 only
209 4133 239 4180 to
253 4125 325 4180 hare
339 4125 443 4179 wished
458 4131 489 4179 to
504 4124 549 4189 do,
571 4142 626 4179 was
640 4131 691 4179 not
712 4125 742 4179 ill
757 4131 809 4196 put
822 4126 853 4179 in
864 4126 901 4180 its
915 4142 977 4181 own
1000 4125 1088 4195 place,
1106 4124 1228 4179 because

126 4227 164 4264 no
179 4211 280 4266 decree
292 4211 325 4265 oi
337 4210 385 4264 the
400 4210 545 4264 Rhodiam
560 4207 715 4281 [deelaring
727 4228 784 4264 war
801 4211 910 4281 against
924 4211 973 4265 the
988 4206 1135 4279 Romana]

126 4294 162 4350 be
177 4297 314 4360 addueed‚
327 4297 378 4350 but
398 4296 464 4367 only
480 4295 651 4363 conjectures
672 4297 706 4350 oi
721 4313 739 4350 a
755 4296 922 4366 fluctuating
942 4294 1036 4350 mind:
1055 4296 1075 4351 b
1111 4324 1114 4331 ·

126 4387 177 4437 not
194 4381 365 4454 universally
375 4387 406 4437 to
418 4381 455 4436 bc
466 4379 604 4436 received.
648 4381 705 4437 For
718 4381 768 4436 thc
782 4380 839 4436 will
852 4379 944 4436 which
955 4379 1007 4435 hes
1018 4394 1040 4453 p
1053 4456 1061 4465 ..

228 4537 346 4626 rosor·
365 4539 415 4627 a]
