2834 4920
646 484 789 550 CAPUT
816 483 906 547 XIX.

550 661 602 715 DE
624 661 723 716 JURE
747 660 1000 716 SEPULTURAE.

253 811 277 866 Ι.
310 813 456 868 Eceodem
464 814 529 885 jare
545 812 664 883 pontium
675 813 750 867 nasei
817 813 867 866 IV.
887 810 970 866 Anci
985 811 1319 887 irsoipnitersaciaorosiri

304 900 631 970 justamondimortaos.
821 898 856 951 V.
884 897 931 950 Aa
942 907 966 952 et
975 899 1023 962 iis,
1033 900 1080 970 qni
1090 917 1116 953 se
1127 899 1328 972 interfecerint?

245 984 283 1037 11.
313 985 389 1038 Unde
403 985 514 1038 ortam?
816 983 867 1037 VI.
887 983 1139 1057 Qooeaiiaeojnre
1150 985 1327 1056 pentinmde-

239 1069 293 1124 111.
310 1069 573 1125 Damnonion.
886 1071 1006 1124 ὑιαιιὶιιν.

224 1216 250 1279 Ι.
287 1217 306 1279 1
331 1217 430 1373 EX
448 1214 521 1302 jure
544 1215 692 1305 gentium,
717 1216 817 1303 ¹quod
840 1238 880 1282 ex
905 1215 1066 1282 voluntate
1090 1224 1193 1284 ortum
1218 1217 1324 1296 habet,

420 1314 552 1381 debetur
572 1324 604 1381 et
627 1336 790 1402 corporum
813 1324 1005 1382 mortuorum
1027 1316 1195 1403 sepultura.
1241 1316 1326 1382 Dion

61 1432 191 1531 gggsffi.
225 1414 467 1502 chrysostomus
483 1414 566 1480 inter
583 1436 694 1492 mores,
719 1415 784 1480 sive
800 1409 870 1497 ἔθη,
888 1436 958 1502 quoe
976 1417 1044 1488 τοῖς
1063 1412 1266 1510 ἐγγράφοις,
1291 1417 1325 1482 id

60 1528 124 1569 wc·
224 1522 282 1590 est,
298 1515 419 1599 scripto
425 1515 509 1598 jori,
527 1513 664 1601 opponit,
682 1522 752 1601 post
768 1514 943 1603 legatorum
955 1538 968 1601 J
974 1537 1030 1580 ura
1045 1525 1263 1583 commemorat
1279 1513 1324 1598 μὴ

224 1615 357 1681 κωλύειν
374 1610 448 1686 τούς
468 1612 594 1702 νεκρούς
611 1609 762 1690 θάπτειν,
784 1637 848 1679 aon
863 1616 1036 1700 prohibere
1053 1617 1222 1701 quominus
1238 1638 1324 1699 oepe-

60 1735 129 1777 nuu
140 1739 206 1776 ene.
227 1713 353 1776 licetur
368 1715 498 1778 mortni.
550 1714 593 1777 Et
616 1712 734 1778 Seneca
748 1721 839 1800 pater
861 1713 944 1777 inter
956 1712 1030 1800 jura
1047 1735 1108 1778 non
1125 1714 1249 1801 scripta,
1267 1716 1323 1781 sed

63 1782 81 1820 ¹'
226 1810 366 1876 omnibus
393 1810 515 1896 scriptis
546 1811 680 1876 certiora
703 1811 791 1896 ponit
821 1811 948 1876 humum
978 1811 1140 1901 porrigere
1168 1813 1322 1880 cadaveri.

60 1926 117 2011 gog
124 1927 174 2020 ξιξ
225 1909 358 1974 Naturae
374 1907 407 1974 id
419 1909 471 1994 jus
483 1909 642 1996 appellant
659 1909 786 1974 Hebraei
804 1910 893 1975 Philo
903 1933 940 1976 ac
951 1911 973 1976 J
975 1912 1126 1998 osephue3
1145 1920 1177 1977 et
1193 1907 1324 2007 φύσεως

60 2027 177 2112 &4²35ss
226 2005 372 2088 θεσμοιὶς,
402 2008 540 2074 Isidorus
568 2008 742 2075 Pelusiota:
774 2018 810 2075 ut
838 2008 939 2074 solere
967 2011 1025 2076 sub
1051 2020 1172 2078 naturae
1199 2013 1323 2078 nomine

164 2096 172 2111 ’
225 2106 446 2192 comprehendi
472 2129 573 2173 mores
597 2129 773 2173 communes
797 2108 932 2174 naturali
961 2108 1074 2174 rationi
1101 2119 1323 2177 consentaneos

59 2225 188 2269 names
225 2205 299 2272 alibi
325 2205 465 2273 diximus„
512 2207 605 2294 Apud
627 2207 786 2273 AElianum
807 2215 873 2274 est:
900 2209 958 2289 τῆς
976 2205 1106 2301 φύσεως
1130 2213 1189 2291 τῆς
1218 2214 1323 2291 κοινῆς

224 2302 426 2387 ἀπαιτούσης
451 2301 512 2376 τᾶν
536 2301 649 2388 μηκέτι
681 2302 787 2401 ζῶντα
813 2304 1040 2401 κατακρύψαι·
1064 2332 1137 2375 cum
1159 2324 1322 2375 mortuum

59 2416 197 2459 flhxfltffl
224 2408 320 2471 condi
336 2408 412 2491 ipssa
428 2408 562 2491 imperet
579 2409 901 2472 commendaticiam.
946 2408 1033 2472 Idem
1050 2408 1144 2474 alibi:
1170 2404 1215 2476 τοὶ
1233 2407 1323 2479 κοινὰ

224 2503 278 2573 καὶ
303 2507 364 2572 ἰ’σα
390 2508 491 2573 πᾶσιν
512 2502 693 2597 ἀνθρώποις
714 2513 805 2571 vocat
821 2509 888 2594 γῆν
909 2504 962 2574 καὶ
984 2503 1107 2601 reditio,
1135 2520 1257 2573 terram
1280 2533 1322 2576 ac

223 2605 425 2688 aepnitnrom
441 2606 622 2669 hominibus
644 2607 768 2669 cunctis
785 2606 967 2669 eommunia
984 2619 1013 2670 et
1034 2629 1072 2672 ec
1088 2629 1177 2690 oequo
1201 2610 1320 2674 debito

59 2711 158 2758 vana
224 2703 345 2789 ‘Leges
360 2701 527 2778 hominum,
547 2699 657 2778 νόμους
670 2701 805 2795 βροτῶν
821 2701 901 2768 dixit
915 2703 1082 2790 Euripides
1099 2708 1319 2791 Suppiioibuo,

60 2823 210 2862 rasores.
223 2797 327 2869 κοινὸν
361 2793 457 2877 νόμον
486 2800 647 2878 Aristides,
683 2804 826 2867 Lucanus
856 2801 1014 2867 hominum
1043 2802 1134 2882 ritus,
1165 2816 1321 2872 terrarum

56 2870 178 2999 ξᾷιἪῖ
223 2899 308 2988 leges
334 2908 366 2966 et
384 2899 492 2965 mundi
511 2901 619 2967 federa
644 2901 801 2987 Papinius,
827 2901 920 2967 sortis
943 2902 1087 2968 humanae
1106 2906 1321 2971 commercium

57 3005 208 3090 {ig-{iffi
223 2999 356 3078 Tacitus,
380 3022 465 3087 apem
492 3022 681 3067 communem
707 3009 814 3067 orator
839 3001 961 3089 Lysias.
1016 3002 1078 3081 Qui
1102 3003 1241 3090 impedit,
1264 3005 1320 3071 ho-

59 3096 204 3137 marenca

55 3143 185 3182 mum
261 3175 622 3237 'iruietudSepuitnraeaLege
631 3176 742 3223 Naturali
793 3176 847 3222 Lib.
872 3189 900 3223 n.
920 3192 972 3237 cap.
988 3181 1011 3225 3.
1029 3179 1044 3238 ξ
1063 3182 1099 3227 23.
1116 3184 1166 3225 not.
1183 3180 1208 3228 o.
1228 3180 1320 3228 ultima

219 3265 315 3309 qnoque
331 3251 416 3297 oritur.
447 3252 509 3298 Vide
524 3265 578 3309 quaa
593 3252 696 3297 diximus
711 3251 742 3295 ad
793 3249 920 3296 Editionis.
951 3252 978 3296 J.
990 3252 1022 3297 B.

219 3325 388 3371 Porannoar.
408 3326 448 3371 De
466 3325 528 3370 Jure
548 3323 610 3371 Nar.
631 3329 653 3369 et
673 3323 740 3370 Gens.
838 3323 1076 3385 tLeqesiominum]
1093 3326 1192 3372 Φύσιιοι
1208 3327 1319 3387 θεσμοὺς,

436 3589 573 3644 Cauarae
588 3588 671 3642 XIX.
709 3586 755 3656 Os
761 3587 801 3641 rie
812 3587 896 3657 noyn
907 3589 944 3657 os
954 3585 1101 3657 Sepolnsre.

277 3719 299 3773 1.
339 3724 353 3772 1
377 3717 438 3772 The
452 3717 531 3770 Laws
546 3716 579 3770 of
590 3715 710 3770 Nations
728 3714 897 3786 voluntarily
910 3713 1066 3776 instituted,
1083 3711 1173 3766 direct
1193 3709 1252 3765 aleo
1268 3709 1318 3766 the

219 3805 362 3878 sepulture
378 3803 411 3858 of
422 3802 494 3857 dead
510 3802 614 3857 bodies.
660 3801 716 3855 Dio
732 3799 920 3871 Chrysoetom,
934 3817 1037 3870 among
1051 3797 1100 3853 the
1112 3814 1213 3868 crepes,
1227 3796 1318 3852 which

219 3890 256 3945 he
268 3907 386 3963 oppoecs
405 3895 434 3943 to
448 3889 554 3942 written
568 3887 629 3951 low,
644 3887 793 3950 mentions,
811 3885 885 3940 after
904 3886 953 3941 the
968 3885 1056 3957 rights
1075 3883 1108 3938 of
1119 3883 1251 3952 legation,
1268 3882 1318 3938 tho

220 3993 305 4047 usage
324 3976 358 4029 of
377 3982 428 4029 not
446 3973 571 4042 refusing
588 3972 679 4026 burial
703 3978 732 4026 to
758 3972 807 4026 the
829 3971 911 4026 dead.
958 3971 996 4026 So
1017 3972 1125 4026 Seneca
1148 3969 1196 4023 the
1216 3968 1317 4034 father,

219 4062 310 4125 Philo,
328 4059 476 4131 Josephus,
493 4059 600 4113 Isidoro
619 4058 653 4112 of
665 4058 816 4121 Pelusium,
830 4057 892 4111 who
907 4057 975 4111 calis
990 4057 1046 4111 this
1067 4074 1086 4109 a
1102 4055 1155 4108 law
1170 4057 1205 4128 os
1212 4065 1317 4120 nature,

219 4146 269 4202 the
281 4146 395 4218 general
410 4145 521 4200 natural
535 4145 627 4198 habits
639 4144 673 4198 of
692 4160 757 4197 mon
772 4143 856 4213 being
871 4143 1001 4197 included
1017 4145 1045 4197 in
1060 4140 1110 4195 tho
1128 4147 1201 4194 term
1213 4151 1317 4206 ιιαιιινι,

219 4231 538 4288 ascisewhorenoticcd.
562 4231 600 4285 So
608 4229 764 4301 Euripides,
774 4228 1027 4293 Aristideshuean,
1035 4226 1170 4299 Papinius
1179 4224 1318 4293 [Statius],

219 4319 341 4374 Tacitus.
386 4318 432 4373 IIo
447 4316 508 4372 who
523 4322 653 4390 presente
668 4316 699 4380 it,
712 4321 778 4388 puts
799 4315 840 4370 off
850 4313 1007 4388 humanity,
1029 4331 1061 4370 as
1082 4313 1219 4368 claudian
1240 4330 1313 4385 says3
