<?xml version="1.0" encoding="UTF-8"?>
<!DOCTYPE html PUBLIC "-//W3C//DTD XHTML 1.0 Transitional//EN"
    "http://www.w3.org/TR/xhtml1/DTD/xhtml1-transitional.dtd">
<html xmlns="http://www.w3.org/1999/xhtml" xml:lang="en" lang="en">
 <head>
  <title>
</title>
<meta http-equiv="Content-Type" content="text/html;charset=utf-8" />
  <meta name='ocr-system' content='tesseract 3.04.00' />
  <meta name='ocr-capabilities' content='ocr_page ocr_carea ocr_par ocr_line ocrx_word'/>
</head>
<body>
  <div class='ocr_page' id='page_1' title='image "./hugonisgrotiide03barbgoog_0372.png"; bbox 0 0 2834 4920; ppageno 0'>
   <div class='ocr_carea' id='block_1_1' title="bbox 223 254 1325 336">
    <p class='ocr_par' dir='ltr' id='par_1_1' title="bbox 223 254 1325 336">
     <span class='ocr_line' id='line_1_1' title="bbox 223 254 1325 336; baseline 0.004 -19"><span class='ocrx_word' id='word_1_1' title='bbox 223 254 288 318; x_wconf 73' lang='lat'><strong>354</strong></span> <span class='ocrx_word' id='word_1_2' title='bbox 446 262 499 317; x_wconf 85' lang='lat' dir='ltr'><strong>DE</strong></span> <span class='ocrx_word' id='word_1_3' title='bbox 521 260 726 318; x_wconf 81' lang='lat' dir='ltr'><strong>POENARUM</strong></span> <span class='ocrx_word' id='word_1_4' title='bbox 747 260 1111 320; x_wconf 75' lang='lat' dir='ltr'><strong>communlamonu.</strong></span> <span class='ocrx_word' id='word_1_5' title='bbox 1197 259 1270 336; x_wconf 76' lang='lat' dir='ltr'><strong>[Ius.</strong></span> <span class='ocrx_word' id='word_1_6' title='bbox 1285 267 1325 321; x_wconf 90' lang='lat'><strong>11.</strong></span> 
     </span>
    </p>
   </div>
   <div class='ocr_carea' id='block_1_2' title="bbox 297 427 1326 518">
    <p class='ocr_par' dir='ltr' id='par_1_2' title="bbox 297 427 1326 518">
     <span class='ocr_line' id='line_1_2' title="bbox 297 427 1326 518; baseline 0.001 -22"><span class='ocrx_word' id='word_1_7' title='bbox 297 432 318 496; x_wconf 85' lang='lat'>2</span> <span class='ocrx_word' id='word_1_8' title='bbox 354 429 435 494; x_wconf 82' lang='lat' dir='ltr'>Erat</span> <span class='ocrx_word' id='word_1_9' title='bbox 451 428 536 516; x_wconf 83' lang='lat' dir='ltr'><strong>epod</strong></span> <span class='ocrx_word' id='word_1_10' title='bbox 552 427 758 495; x_wconf 71' lang='lat' dir='ltr'><strong>Athenienses</strong></span> <span class='ocrx_word' id='word_1_11' title='bbox 780 429 846 495; x_wconf 86' lang='lat' dir='ltr'><strong>Ars</strong></span> <span class='ocrx_word' id='word_1_12' title='bbox 862 428 1099 515; x_wconf 72' lang='lat' dir='ltr'><strong>Misericordiae,</strong></span> <span class='ocrx_word' id='word_1_13' title='bbox 1116 431 1203 518; x_wconf 84' lang='lat' dir='ltr'><strong>cujus</strong></span> <span class='ocrx_word' id='word_1_14' title='bbox 1221 432 1326 498; x_wconf 89' lang='lat' dir='ltr'><strong>memi-</strong></span> 
     </span>
    </p>
   </div>
   <div class='ocr_carea' id='block_1_3' title="bbox 57 527 1324 631">
    <p class='ocr_par' dir='ltr' id='par_1_3' title="bbox 57 527 1324 631">
     <span class='ocr_line' id='line_1_3' title="bbox 57 527 1324 631; baseline 0.002 -37"><span class='ocrx_word' id='word_1_15' title='bbox 57 543 186 631; x_wconf 41' lang='grc' dir='ltr'><strong>χχχιχ</strong></span> <span class='ocrx_word' id='word_1_16' title='bbox 223 538 339 596; x_wconf 86' lang='lat' dir='ltr'><strong>nerunt</strong></span> <span class='ocrx_word' id='word_1_17' title='bbox 362 527 498 606; x_wconf 79' lang='lat' dir='ltr'><strong>⁶Cicero,</strong></span> <span class='ocrx_word' id='word_1_18' title='bbox 518 527 702 607; x_wconf 79' lang='lat' dir='ltr'><strong>Pausanias,</strong></span> <span class='ocrx_word' id='word_1_19' title='bbox 722 529 877 606; x_wconf 73' lang='lat' dir='ltr'><strong>‘Servius</strong></span> <span class='ocrx_word' id='word_1_20' title='bbox 902 528 997 594; x_wconf 89' lang='lat' dir='ltr'><strong>etism</strong></span> <span class='ocrx_word' id='word_1_21' title='bbox 1014 530 1204 617; x_wconf 84' lang='lat' dir='ltr'><strong>Theophilus</strong></span> <span class='ocrx_word' id='word_1_22' title='bbox 1220 530 1252 596; x_wconf 90' lang='lat' dir='ltr'><strong>in</strong></span> <span class='ocrx_word' id='word_1_23' title='bbox 1271 532 1324 596; x_wconf 92' lang='lat' dir='ltr'><strong>In-</strong></span> 
     </span>
    </p>
   </div>
   <div class='ocr_carea' id='block_1_4' title="bbox 60 627 1325 715">
    <p class='ocr_par' dir='ltr' id='par_1_4' title="bbox 60 627 1325 715">
     <span class='ocr_line' id='line_1_4' title="bbox 60 627 1325 715; baseline 0.004 -21"><span class='ocrx_word' id='word_1_24' title='bbox 60 636 202 687; x_wconf 62' lang='grc' dir='ltr'><strong>ΝΜΗ·</strong></span> <span class='ocrx_word' id='word_1_25' title='bbox 223 627 443 705; x_wconf 85' lang='lat' dir='ltr'><strong>stitutionibus,</strong></span> <span class='ocrx_word' id='word_1_26' title='bbox 461 634 494 694; x_wconf 90' lang='lat' dir='ltr'><strong>et</strong></span> <span class='ocrx_word' id='word_1_27' title='bbox 510 649 604 714; x_wconf 80' lang='lat' dir='ltr'><strong>quem</strong></span> <span class='ocrx_word' id='word_1_28' title='bbox 619 628 683 694; x_wconf 84' lang='lat' dir='ltr'><strong>lete</strong></span> <span class='ocrx_word' id='word_1_29' title='bbox 702 627 849 695; x_wconf 88' lang='lat' dir='ltr'><strong>describit</strong></span> <span class='ocrx_word' id='word_1_30' title='bbox 869 627 1020 715; x_wconf 86' lang='lat' dir='ltr'><strong>Pepinios</strong></span> <span class='ocrx_word' id='word_1_31' title='bbox 1039 629 1218 696; x_wconf 90' lang='lat' dir='ltr'><strong>duodecimo</strong></span> <span class='ocrx_word' id='word_1_32' title='bbox 1243 633 1325 699; x_wconf 82' lang='lat' dir='ltr'><strong>Tbe-</strong></span> 
     </span>
    </p>
   </div>
   <div class='ocr_carea' id='block_1_5' title="bbox 223 726 1298 1032">
    <p class='ocr_par' dir='ltr' id='par_1_5' title="bbox 223 726 1298 1032">
     <span class='ocr_line' id='line_1_5' title="bbox 226 726 1298 816; baseline 0.001 -20"><span class='ocrx_word' id='word_1_33' title='bbox 226 731 348 796; x_wconf 81' lang='lat' dir='ltr'><strong>bae&#39;dos.</strong></span> <span class='ocrx_word' id='word_1_34' title='bbox 389 728 434 794; x_wconf 93' lang='lat' dir='ltr'><strong>At</strong></span> <span class='ocrx_word' id='word_1_35' title='bbox 448 726 560 814; x_wconf 84' lang='lat' dir='ltr'><strong>quibus</strong></span> <span class='ocrx_word' id='word_1_36' title='bbox 576 727 705 815; x_wconf 80' lang='lat' dir='ltr'><strong>potebat</strong></span> <span class='ocrx_word' id='word_1_37' title='bbox 718 727 799 794; x_wconf 82' lang='lat' dir='ltr'><strong>ills?</strong></span> <span class='ocrx_word' id='word_1_38' title='bbox 838 727 928 795; x_wconf 90' lang='lat' dir='ltr'><strong>Audi</strong></span> <span class='ocrx_word' id='word_1_39' title='bbox 943 733 1069 816; x_wconf 85' lang='lat' dir='ltr'><strong>po’e&#39;tem</strong></span> <span class='ocrx_word' id='word_1_40' title='bbox 1086 731 1179 815; x_wconf 84' lang='lat' dir='ltr'><strong>(rere.</strong></span> <span class='ocrx_word' id='word_1_41' title='bbox 1197 732 1298 815; x_wconf 80' lang='lat'>483):</span> 
     </span>
     <span class='ocr_line' id='line_1_6' title="bbox 571 846 965 904; baseline 0.003 -1"><span class='ocrx_word' id='word_1_42' title='bbox 571 848 610 904; x_wconf 85' lang='lat' dir='ltr'><strong>Et</strong></span> <span class='ocrx_word' id='word_1_43' title='bbox 625 847 720 904; x_wconf 88' lang='lat' dir='ltr'><strong>miseri</strong></span> <span class='ocrx_word' id='word_1_44' title='bbox 732 846 828 904; x_wconf 78' lang='lat' dir='ltr'><strong>fecere</strong></span> <span class='ocrx_word' id='word_1_45' title='bbox 841 864 965 904; x_wconf 76' lang='lat' dir='ltr'><strong>merum:</strong></span> 
     </span>
     <span class='ocr_line' id='line_1_7' title="bbox 223 944 829 1032; baseline -0.005 -19"><span class='ocrx_word' id='word_1_46' title='bbox 223 969 297 1014; x_wconf 85' lang='lat' dir='ltr'><strong>mox</strong></span> <span class='ocrx_word' id='word_1_47' title='bbox 313 944 490 1015; x_wconf 82' lang='lat' dir='ltr'><strong>convenisse</strong></span> <span class='ocrx_word' id='word_1_48' title='bbox 504 967 541 1014; x_wconf 90' lang='lat' dir='ltr'><strong>ec</strong></span> <span class='ocrx_word' id='word_1_49' title='bbox 557 946 604 1014; x_wconf 85' lang='lat' dir='ltr'><strong>eit</strong></span> <span class='ocrx_word' id='word_1_50' title='bbox 618 947 712 1031; x_wconf 85' lang='lat' dir='ltr'><strong>(vers.</strong></span> <span class='ocrx_word' id='word_1_51' title='bbox 731 945 829 1032; x_wconf 67' lang='lat'><strong>50³0:</strong></span> 
     </span>
    </p>
   </div>
   <div class='ocr_carea' id='block_1_6' title="bbox 61 1064 1325 1446">
    <p class='ocr_par' dir='ltr' id='par_1_6' title="bbox 61 1064 1325 1446">
     <span class='ocr_line' id='line_1_8' title="bbox 542 1064 1145 1140; baseline 0.005 -19"><span class='ocrx_word' id='word_1_52' title='bbox 542 1067 641 1122; x_wconf 82' lang='lat' dir='ltr'><strong>Victos</strong></span> <span class='ocrx_word' id='word_1_53' title='bbox 654 1065 737 1122; x_wconf 87' lang='lat' dir='ltr'><strong>bellis</strong></span> <span class='ocrx_word' id='word_1_54' title='bbox 751 1066 898 1139; x_wconf 80' lang='lat' dir='ltr'><strong>petrisque</strong></span> <span class='ocrx_word' id='word_1_55' title='bbox 911 1083 929 1122; x_wconf 81' lang='grc' dir='ltr'>ο</span> <span class='ocrx_word' id='word_1_56' title='bbox 943 1066 1010 1124; x_wconf 89' lang='lat' dir='ltr'><strong>sede</strong></span> <span class='ocrx_word' id='word_1_57' title='bbox 1023 1064 1145 1140; x_wconf 72' lang='lat' dir='ltr'><strong>fugatos,</strong></span> 
     </span>
     <span class='ocr_line' id='line_1_9' title="bbox 396 1153 737 1226; baseline -0.003 -17"><span class='ocrx_word' id='word_1_58' title='bbox 396 1155 616 1226; x_wconf 79' lang='lat' dir='ltr'><strong>Regnornmque</strong></span> <span class='ocrx_word' id='word_1_59' title='bbox 630 1153 737 1224; x_wconf 88' lang='lat' dir='ltr'><strong>inopes.</strong></span> 
     </span>
     <span class='ocr_line' id='line_1_10' title="bbox 61 1243 1325 1339; baseline 0.008 -24"><span class='ocrx_word' id='word_1_60' title='bbox 61 1266 180 1315; x_wconf 65' lang='lat' dir='ltr'><strong>mcer-</strong></span> <span class='ocrx_word' id='word_1_61' title='bbox 224 1250 377 1319; x_wconf 81' lang='lat' dir='ltr'><strong>Aristides</strong></span> <span class='ocrx_word' id='word_1_62' title='bbox 401 1243 582 1339; x_wconf 76' lang='lat' dir='ltr'><strong>¹’proprium</strong></span> <span class='ocrx_word' id='word_1_63' title='bbox 601 1250 836 1318; x_wconf 84' lang='lat' dir='ltr'><strong>Atheniensium</strong></span> <span class='ocrx_word' id='word_1_64' title='bbox 856 1251 980 1318; x_wconf 86' lang='lat' dir='ltr'><strong>leudem</strong></span> <span class='ocrx_word' id='word_1_65' title='bbox 1003 1273 1071 1319; x_wconf 89' lang='lat' dir='ltr'><strong>esse</strong></span> <span class='ocrx_word' id='word_1_66' title='bbox 1092 1251 1148 1332; x_wconf 82' lang='lat' dir='ltr'><strong>sit,</strong></span> <span class='ocrx_word' id='word_1_67' title='bbox 1172 1251 1234 1338; x_wconf 70' lang='grc' dir='ltr'><strong>τήν</strong></span> <span class='ocrx_word' id='word_1_68' title='bbox 1256 1258 1325 1325; x_wconf 78' lang='grc' dir='ltr'><strong>τῶν</strong></span> 
     </span>
     <span class='ocr_line' id='line_1_11' title="bbox 224 1343 1324 1446; baseline 0.001 -26"><span class='ocrx_word' id='word_1_69' title='bbox 224 1350 438 1446; x_wconf 82' lang='grc' dir='ltr'>πανταχόθεν</span> <span class='ocrx_word' id='word_1_70' title='bbox 460 1343 712 1444; x_wconf 72' lang='grc' dir='ltr'>δυστυχούντων</span> <span class='ocrx_word' id='word_1_71' title='bbox 735 1343 902 1445; x_wconf 71' lang='grc' dir='ltr'>ὕποδοχῆν</span> <span class='ocrx_word' id='word_1_72' title='bbox 925 1349 977 1419; x_wconf 68' lang='grc' dir='ltr'><strong>καὶ</strong></span> <span class='ocrx_word' id='word_1_73' title='bbox 999 1354 1217 1445; x_wconf 77' lang='grc' dir='ltr'>παραμυθίαν,</span> <span class='ocrx_word' id='word_1_74' title='bbox 1237 1359 1324 1443; x_wconf 82' lang='lat' dir='ltr'><strong>qued</strong></span> 
     </span>
    </p>
   </div>
   <div class='ocr_carea' id='block_1_7' title="bbox 58 1311 209 1357">
    <p class='ocr_par' dir='ltr' id='par_1_7' title="bbox 58 1311 209 1357">
     <span class='ocr_line' id='line_1_12' title="bbox 58 1311 209 1357; baseline 0.026 -8"><span class='ocrx_word' id='word_1_75' title='bbox 58 1311 93 1357; x_wconf 75' lang='lat'><strong>187</strong></span> <span class='ocrx_word' id='word_1_76' title='bbox 100 1321 120 1350; x_wconf 79' lang='lat' dir='ltr'><strong>s.</strong></span> <span class='ocrx_word' id='word_1_77' title='bbox 127 1312 185 1351; x_wconf 78' lang='lat' dir='ltr'><strong>Tem.</strong></span> <span class='ocrx_word' id='word_1_78' title='bbox 193 1321 209 1353; x_wconf 89' lang='lat'><strong>1.</strong></span> 
     </span>
    </p>
   </div>
   <div class='ocr_carea' id='block_1_8' title="bbox 222 1451 1324 1538">
    <p class='ocr_par' dir='ltr' id='par_1_8' title="bbox 222 1451 1324 1538">
     <span class='ocr_line' id='line_1_13' title="bbox 222 1451 1324 1538; baseline 0.002 -19"><span class='ocrx_word' id='word_1_79' title='bbox 222 1454 368 1520; x_wconf 83' lang='lat' dir='ltr'><strong>omnibus</strong></span> <span class='ocrx_word' id='word_1_80' title='bbox 392 1453 533 1537; x_wconf 80' lang='lat' dir='ltr'><strong>undique</strong></span> <span class='ocrx_word' id='word_1_81' title='bbox 552 1451 738 1536; x_wconf 74' lang='lat' dir='ltr'><strong>infelicibus</strong></span> <span class='ocrx_word' id='word_1_82' title='bbox 751 1451 907 1538; x_wconf 83' lang='lat' dir='ltr'><strong>persopio</strong></span> <span class='ocrx_word' id='word_1_83' title='bbox 930 1474 971 1517; x_wconf 88' lang='lat' dir='ltr'><strong>ao</strong></span> <span class='ocrx_word' id='word_1_84' title='bbox 994 1452 1112 1519; x_wconf 78' lang='lat' dir='ltr'><strong>solatio</strong></span> <span class='ocrx_word' id='word_1_85' title='bbox 1140 1466 1227 1522; x_wconf 85' lang='lat' dir='ltr'><strong>esset.</strong></span> <span class='ocrx_word' id='word_1_86' title='bbox 1278 1456 1324 1522; x_wconf 84' lang='lat' dir='ltr'><strong>Et</strong></span> 
     </span>
    </p>
   </div>
   <div class='ocr_carea' id='block_1_9' title="bbox 59 1544 1323 1655">
    <p class='ocr_par' dir='ltr' id='par_1_9' title="bbox 59 1544 1323 1655">
     <span class='ocr_line' id='line_1_14' title="bbox 59 1544 1323 1655; baseline 0.009 -43"><span class='ocrx_word' id='word_1_87' title='bbox 59 1560 198 1655; x_wconf 50' lang='lat' dir='ltr'><strong>{frgi-affl</strong></span> <span class='ocrx_word' id='word_1_88' title='bbox 222 1551 315 1618; x_wconf 75' lang='lat' dir='ltr'><strong>alibi:</strong></span> <span class='ocrx_word' id='word_1_89' title='bbox 341 1552 409 1624; x_wconf 80' lang='grc' dir='ltr'>τοῖς</span> <span class='ocrx_word' id='word_1_90' title='bbox 427 1545 498 1619; x_wconf 74' lang='grc' dir='ltr'>καθ’</span> <span class='ocrx_word' id='word_1_91' title='bbox 521 1544 680 1623; x_wconf 72' lang='grc' dir='ltr'>ἑκάστους</span> <span class='ocrx_word' id='word_1_92' title='bbox 697 1547 860 1644; x_wconf 77' lang='grc' dir='ltr'>ἀτυχοῦσι</span> <span class='ocrx_word' id='word_1_93' title='bbox 879 1548 967 1631; x_wconf 67' lang='grc' dir='ltr'>κοινὴ</span> <span class='ocrx_word' id='word_1_94' title='bbox 984 1553 1085 1620; x_wconf 78' lang='grc' dir='ltr'>πᾶσιν</span> <span class='ocrx_word' id='word_1_95' title='bbox 1107 1549 1249 1624; x_wconf 71' lang='grc' dir='ltr'>ὕπεστιν</span> <span class='ocrx_word' id='word_1_96' title='bbox 1271 1551 1323 1623; x_wconf 75' lang='grc' dir='ltr'><strong>εὖ·</strong></span> 
     </span>
    </p>
   </div>
   <div class='ocr_carea' id='block_1_10' title="bbox 57 1642 1324 2035">
    <p class='ocr_par' dir='ltr' id='par_1_10' title="bbox 57 1642 1324 2035">
     <span class='ocr_line' id='line_1_15' title="bbox 57 1642 1324 1745; baseline 0.002 -27"><span class='ocrx_word' id='word_1_97' title='bbox 57 1650 117 1691; x_wconf 60' lang='grc' dir='ltr'><strong>Μ·</strong></span> <span class='ocrx_word' id='word_1_98' title='bbox 126 1662 151 1692; x_wconf 90' lang='lat'><strong>¹¹·</strong></span> <span class='ocrx_word' id='word_1_99' title='bbox 223 1652 337 1744; x_wconf 76' lang='grc' dir='ltr'>τυχῖιι,</span> <span class='ocrx_word' id='word_1_100' title='bbox 353 1646 396 1718; x_wconf 68' lang='lat' dir='ltr'><strong>‘rei</strong></span> <span class='ocrx_word' id='word_1_101' title='bbox 408 1653 468 1732; x_wconf 69' lang='grc' dir='ltr'><strong>τῆς</strong></span> <span class='ocrx_word' id='word_1_102' title='bbox 490 1645 620 1723; x_wconf 69' lang='grc' dir='ltr'>πόλεως</span> <span class='ocrx_word' id='word_1_103' title='bbox 637 1646 762 1730; x_wconf 73' lang='grc' dir='ltr'>ταύτης</span> <span class='ocrx_word' id='word_1_104' title='bbox 777 1642 850 1730; x_wconf 78' lang='grc' dir='ltr'>ἦθος</span> <span class='ocrx_word' id='word_1_105' title='bbox 868 1645 926 1745; x_wconf 70' lang='grc' dir='ltr'><strong>ὑφ’</strong></span> <span class='ocrx_word' id='word_1_106' title='bbox 942 1642 980 1718; x_wconf 80' lang='lat' dir='ltr'><strong>ori</strong></span> <span class='ocrx_word' id='word_1_107' title='bbox 995 1645 1169 1745; x_wconf 74' lang='grc' dir='ltr'>σώζονται·</span> <span class='ocrx_word' id='word_1_108' title='bbox 1195 1656 1248 1721; x_wconf 82' lang='lat' dir='ltr'><strong>bis</strong></span> <span class='ocrx_word' id='word_1_109' title='bbox 1263 1657 1324 1741; x_wconf 78' lang='lat' dir='ltr'><strong>qai</strong></span> 
     </span>
     <span class='ocr_line' id='line_1_16' title="bbox 222 1749 1321 1840; baseline 0.004 -23"><span class='ocrx_word' id='word_1_110' title='bbox 222 1753 330 1817; x_wconf 79' lang='lat' dir='ltr'><strong>obicis</strong></span> <span class='ocrx_word' id='word_1_111' title='bbox 346 1752 486 1816; x_wconf 73' lang='lat' dir='ltr'><strong>beorum</strong></span> <span class='ocrx_word' id='word_1_112' title='bbox 502 1749 647 1836; x_wconf 78' lang='lat' dir='ltr'><strong>infelices</strong></span> <span class='ocrx_word' id='word_1_113' title='bbox 662 1758 747 1825; x_wconf 83' lang='lat' dir='ltr'><strong>eunt,</strong></span> <span class='ocrx_word' id='word_1_114' title='bbox 764 1752 940 1816; x_wconf 76' lang='lat' dir='ltr'><strong>eanmunie</strong></span> <span class='ocrx_word' id='word_1_115' title='bbox 955 1753 1002 1816; x_wconf 74' lang='lat' dir='ltr'><strong>eie</strong></span> <span class='ocrx_word' id='word_1_116' title='bbox 1018 1773 1087 1816; x_wconf 80' lang='lat' dir='ltr'><strong>una</strong></span> <span class='ocrx_word' id='word_1_117' title='bbox 1105 1754 1321 1840; x_wconf 70' lang='lat' dir='ltr'><strong>eetfilicitae</strong></span> 
     </span>
     <span class='ocr_line' id='line_1_17' title="bbox 222 1850 1324 1939; baseline 0.002 -22"><span class='ocrx_word' id='word_1_118' title='bbox 222 1853 351 1917; x_wconf 82' lang='lat' dir='ltr'><strong>benitas</strong></span> <span class='ocrx_word' id='word_1_119' title='bbox 384 1851 531 1917; x_wconf 82' lang='lat' dir='ltr'><strong>civitatis</strong></span> <span class='ocrx_word' id='word_1_120' title='bbox 558 1850 773 1924; x_wconf 77' lang='lat' dir='ltr'><strong>Atheniensis,</strong></span> <span class='ocrx_word' id='word_1_121' title='bbox 797 1871 862 1935; x_wconf 84' lang='lat' dir='ltr'><strong>per</strong></span> <span class='ocrx_word' id='word_1_122' title='bbox 890 1872 990 1937; x_wconf 79' lang='lat' dir='ltr'><strong>quam</strong></span> <span class='ocrx_word' id='word_1_123' title='bbox 1014 1852 1136 1918; x_wconf 78' lang='lat' dir='ltr'><strong>salutis</strong></span> <span class='ocrx_word' id='word_1_124' title='bbox 1165 1865 1324 1939; x_wconf 82' lang='lat' dir='ltr'><strong>compotes</strong></span> 
     </span>
     <span class='ocr_line' id='line_1_18' title="bbox 214 1947 1322 2035; baseline 0.003 -21"><span class='ocrx_word' id='word_1_125' title='bbox 214 1953 310 2034; x_wconf 84' lang='lat' dir='ltr'><strong>fiunt.</strong></span> <span class='ocrx_word' id='word_1_126' title='bbox 362 1948 455 2035; x_wconf 90' lang='lat' dir='ltr'><strong>Apud</strong></span> <span class='ocrx_word' id='word_1_127' title='bbox 490 1947 729 2034; x_wconf 83' lang='lat' dir='ltr'><strong>Xenophontem</strong></span> <span class='ocrx_word' id='word_1_128' title='bbox 751 1947 910 2013; x_wconf 80' lang='lat' dir='ltr'><strong>Patrocles</strong></span> <span class='ocrx_word' id='word_1_129' title='bbox 938 1948 1093 2015; x_wconf 74' lang='lat' dir='ltr'><strong>Phliasius</strong></span> <span class='ocrx_word' id='word_1_130' title='bbox 1118 1949 1151 2015; x_wconf 90' lang='lat' dir='ltr'><strong>in</strong></span> <span class='ocrx_word' id='word_1_131' title='bbox 1181 1951 1322 2019; x_wconf 83' lang='lat' dir='ltr'><strong>cretione</strong></span> 
     </span>
    </p>
   </div>
   <div class='ocr_carea' id='block_1_11' title="bbox 55 2039 1321 2145">
    <p class='ocr_par' dir='ltr' id='par_1_11' title="bbox 55 2039 1321 2145">
     <span class='ocr_line' id='line_1_19' title="bbox 55 2039 1321 2145; baseline 0.01 -34"><span class='ocrx_word' id='word_1_132' title='bbox 55 2060 191 2145; x_wconf 47' lang='lat' dir='ltr'><strong>{¹2th</strong></span> <span class='ocrx_word' id='word_1_133' title='bbox 221 2071 314 2136; x_wconf 74' lang='lat' dir='ltr'><strong>quam</strong></span> <span class='ocrx_word' id='word_1_134' title='bbox 331 2046 463 2115; x_wconf 84' lang='lat' dir='ltr'><strong>Athenis</strong></span> <span class='ocrx_word' id='word_1_135' title='bbox 479 2046 635 2113; x_wconf 76' lang='lat' dir='ltr'><strong>habebat:</strong></span> <span class='ocrx_word' id='word_1_136' title='bbox 652 2041 790 2140; x_wconf 70' lang='grc' dir='ltr'>ἐζήλουν</span> <span class='ocrx_word' id='word_1_137' title='bbox 801 2039 900 2128; x_wconf 73' lang='grc' dir='ltr'>τῆυδο</span> <span class='ocrx_word' id='word_1_138' title='bbox 915 2042 979 2127; x_wconf 64' lang='grc' dir='ltr'><strong>τήν</strong></span> <span class='ocrx_word' id='word_1_139' title='bbox 995 2041 1105 2127; x_wconf 80' lang='grc' dir='ltr'>πόλιν,</span> <span class='ocrx_word' id='word_1_140' title='bbox 1123 2046 1178 2118; x_wconf 79' lang='grc' dir='ltr'><strong>ὅτι</strong></span> <span class='ocrx_word' id='word_1_141' title='bbox 1193 2047 1321 2125; x_wconf 77' lang='grc' dir='ltr'>πάντας</span> 
     </span>
    </p>
   </div>
   <div class='ocr_carea' id='block_1_12' title="bbox 217 2138 1322 2832">
    <p class='ocr_par' dir='ltr' id='par_1_12' title="bbox 217 2138 1322 2832">
     <span class='ocr_line' id='line_1_20' title="bbox 221 2138 1322 2245; baseline 0.004 -29"><span class='ocrx_word' id='word_1_142' title='bbox 221 2145 274 2217; x_wconf 80' lang='lat' dir='ltr'><strong>nai</strong></span> <span class='ocrx_word' id='word_1_143' title='bbox 292 2145 368 2221; x_wconf 74' lang='lat' dir='ltr'><strong>roric</strong></span> <span class='ocrx_word' id='word_1_144' title='bbox 388 2138 601 2228; x_wconf 70' lang='grc' dir='ltr'>ἀδικουμένους</span> <span class='ocrx_word' id='word_1_145' title='bbox 618 2146 668 2214; x_wconf 75' lang='grc' dir='ltr'><strong>καὶ</strong></span> <span class='ocrx_word' id='word_1_146' title='bbox 684 2141 761 2220; x_wconf 71' lang='lat' dir='ltr'><strong>rotie</strong></span> <span class='ocrx_word' id='word_1_147' title='bbox 811 2141 1002 2231; x_wconf 77' lang='grc' dir='ltr'>υβουμὲνουν</span> <span class='ocrx_word' id='word_1_148' title='bbox 1020 2141 1134 2216; x_wconf 73' lang='grc' dir='ltr'>ἐνθάδε</span> <span class='ocrx_word' id='word_1_149' title='bbox 1151 2149 1322 2245; x_wconf 70' lang='grc' dir='ltr'>καταφεύ-</span> 
     </span>
     <span class='ocr_line' id='line_1_21' title="bbox 219 2237 1321 2338; baseline 0.001 -23"><span class='ocrx_word' id='word_1_150' title='bbox 219 2276 346 2337; x_wconf 73' lang='grc' dir='ltr'>’γοντας</span> <span class='ocrx_word' id='word_1_151' title='bbox 374 2242 557 2333; x_wconf 74' lang='grc' dir='ltr'>ἐπικουρίας</span> <span class='ocrx_word' id='word_1_152' title='bbox 581 2237 745 2322; x_wconf 70' lang='grc' dir='ltr'>δεομένους</span> <span class='ocrx_word' id='word_1_153' title='bbox 776 2274 891 2326; x_wconf 78' lang='grc' dir='ltr'>ηκουου</span> <span class='ocrx_word' id='word_1_154' title='bbox 920 2243 1113 2338; x_wconf 64' lang='grc' dir='ltr'>τυγχάνειν·</span> <span class='ocrx_word' id='word_1_155' title='bbox 1141 2250 1321 2316; x_wconf 75' lang='lat' dir='ltr'><strong><em>laudabam</em></strong></span> 
     </span>
     <span class='ocr_line' id='line_1_22' title="bbox 218 2346 1321 2436; baseline 0.005 -26"><span class='ocrx_word' id='word_1_156' title='bbox 218 2349 304 2413; x_wconf 80' lang='lat' dir='ltr'><strong>banc</strong></span> <span class='ocrx_word' id='word_1_157' title='bbox 319 2349 438 2424; x_wconf 77' lang='lat' dir='ltr'><strong>urbere,</strong></span> <span class='ocrx_word' id='word_1_158' title='bbox 463 2347 550 2432; x_wconf 81' lang='lat' dir='ltr'><strong>quod</strong></span> <span class='ocrx_word' id='word_1_159' title='bbox 566 2367 671 2410; x_wconf 84' lang='lat' dir='ltr'><strong>omnes</strong></span> <span class='ocrx_word' id='word_1_160' title='bbox 695 2357 755 2410; x_wconf 82' lang='lat' dir='ltr'><strong>aot</strong></span> <span class='ocrx_word' id='word_1_161' title='bbox 772 2346 899 2430; x_wconf 76' lang='lat' dir='ltr'><strong>injuria</strong></span> <span class='ocrx_word' id='word_1_162' title='bbox 918 2348 1058 2430; x_wconf 80' lang='lat' dir='ltr'><strong>affectes,</strong></span> <span class='ocrx_word' id='word_1_163' title='bbox 1077 2360 1136 2413; x_wconf 82' lang='lat' dir='ltr'><strong>out</strong></span> <span class='ocrx_word' id='word_1_164' title='bbox 1156 2351 1223 2414; x_wconf 86' lang='lat' dir='ltr'><strong>eibi</strong></span> <span class='ocrx_word' id='word_1_165' title='bbox 1232 2374 1321 2436; x_wconf 82' lang='lat' dir='ltr'><strong>pra·</strong></span> 
     </span>
     <span class='ocr_line' id='line_1_23' title="bbox 219 2446 1320 2532; baseline 0.005 -22"><span class='ocrx_word' id='word_1_166' title='bbox 219 2458 400 2522; x_wconf 77' lang='lat' dir='ltr'><strong>metuentes,</strong></span> <span class='ocrx_word' id='word_1_167' title='bbox 424 2450 453 2511; x_wconf 85' lang='lat' dir='ltr'><strong>si</strong></span> <span class='ocrx_word' id='word_1_168' title='bbox 476 2447 539 2510; x_wconf 85' lang='grc' dir='ltr'>Ιιιιυ</span> <span class='ocrx_word' id='word_1_169' title='bbox 552 2446 780 2530; x_wconf 77' lang='lat' dir='ltr'><strong>perfopicsent,</strong></span> <span class='ocrx_word' id='word_1_170' title='bbox 803 2446 927 2510; x_wconf 76' lang='lat' dir='ltr'><strong>auxilii</strong></span> <span class='ocrx_word' id='word_1_171' title='bbox 951 2459 1108 2531; x_wconf 81' lang='lat' dir='ltr'><strong>compotes</strong></span> <span class='ocrx_word' id='word_1_172' title='bbox 1122 2450 1201 2532; x_wconf 83' lang='lat' dir='ltr'><strong>fieri</strong></span> <span class='ocrx_word' id='word_1_173' title='bbox 1224 2452 1320 2516; x_wconf 85' lang='lat' dir='ltr'><strong>intel-</strong></span> 
     </span>
     <span class='ocr_line' id='line_1_24' title="bbox 221 2541 1320 2636; baseline 0.001 -23"><span class='ocrx_word' id='word_1_174' title='bbox 221 2547 371 2613; x_wconf 79' lang='lat' dir='ltr'><strong>lererom.</strong></span> <span class='ocrx_word' id='word_1_175' title='bbox 424 2544 512 2609; x_wconf 89' lang='lat' dir='ltr'><strong>Idem</strong></span> <span class='ocrx_word' id='word_1_176' title='bbox 537 2565 644 2609; x_wconf 91' lang='lat' dir='ltr'><strong>sensus</strong></span> <span class='ocrx_word' id='word_1_177' title='bbox 665 2552 714 2610; x_wconf 90' lang='lat' dir='ltr'><strong>est</strong></span> <span class='ocrx_word' id='word_1_178' title='bbox 733 2543 766 2607; x_wconf 92' lang='lat' dir='ltr'><strong>in</strong></span> <span class='ocrx_word' id='word_1_179' title='bbox 787 2541 918 2630; x_wconf 79' lang='lat' dir='ltr'><strong>epistole</strong></span> <span class='ocrx_word' id='word_1_180' title='bbox 932 2544 1152 2612; x_wconf 87' lang='lat' dir='ltr'><strong>Demosthenis</strong></span> <span class='ocrx_word' id='word_1_181' title='bbox 1172 2569 1231 2634; x_wconf 91' lang='lat' dir='ltr'><strong>pro</strong></span> <span class='ocrx_word' id='word_1_182' title='bbox 1254 2550 1320 2636; x_wconf 84' lang='lat' dir='ltr'><strong>Ly-</strong></span> 
     </span>
     <span class='ocr_line' id='line_1_25' title="bbox 218 2641 1319 2733; baseline 0.002 -23"><span class='ocrx_word' id='word_1_183' title='bbox 218 2645 307 2733; x_wconf 86' lang='lat' dir='ltr'><strong>curgi</strong></span> <span class='ocrx_word' id='word_1_184' title='bbox 323 2643 437 2710; x_wconf 90' lang='lat' dir='ltr'><strong>liberis.</strong></span> <span class='ocrx_word' id='word_1_185' title='bbox 466 2644 577 2727; x_wconf 85' lang='lat' dir='ltr'><strong>lthue</strong></span> <span class='ocrx_word' id='word_1_186' title='bbox 594 2641 735 2728; x_wconf 90' lang='lat' dir='ltr'><strong>OEdipus</strong></span> <span class='ocrx_word' id='word_1_187' title='bbox 753 2641 795 2706; x_wconf 88' lang='lat' dir='ltr'><strong>sd</strong></span> <span class='ocrx_word' id='word_1_188' title='bbox 814 2642 964 2708; x_wconf 85' lang='lat' dir='ltr'><strong>Colonum</strong></span> <span class='ocrx_word' id='word_1_189' title='bbox 981 2643 1169 2732; x_wconf 76' lang='lat' dir='ltr'><strong>confugiens,</strong></span> <span class='ocrx_word' id='word_1_190' title='bbox 1192 2646 1225 2710; x_wconf 91' lang='lat' dir='ltr'><strong>in</strong></span> <span class='ocrx_word' id='word_1_191' title='bbox 1250 2647 1319 2733; x_wconf 86' lang='lat' dir='ltr'><strong>ejus</strong></span> 
     </span>
     <span class='ocr_line' id='line_1_26' title="bbox 217 2741 1318 2832; baseline 0.005 -23"><span class='ocrx_word' id='word_1_192' title='bbox 217 2743 348 2809; x_wconf 89' lang='lat' dir='ltr'><strong>nominis</strong></span> <span class='ocrx_word' id='word_1_193' title='bbox 358 2741 523 2832; x_wconf 80' lang='lat' dir='ltr'><strong>tragoedis,</strong></span> <span class='ocrx_word' id='word_1_194' title='bbox 533 2741 634 2828; x_wconf 82' lang='lat' dir='ltr'><strong>copud</strong></span> <span class='ocrx_word' id='word_1_195' title='bbox 646 2741 828 2828; x_wconf 87' lang='lat' dir='ltr'><strong>Sophoclem</strong></span> <span class='ocrx_word' id='word_1_196' title='bbox 839 2741 884 2807; x_wconf 85' lang='lat' dir='ltr'><strong>ite</strong></span> <span class='ocrx_word' id='word_1_197' title='bbox 893 2749 1026 2807; x_wconf 85' lang='lat' dir='ltr'><strong>testetur</strong></span> <span class='ocrx_word' id='word_1_198' title='bbox 1035 2744 1128 2828; x_wconf 80' lang='lat' dir='ltr'><strong>(vers.</strong></span> <span class='ocrx_word' id='word_1_199' title='bbox 1135 2744 1211 2824; x_wconf 77' lang='lat'><strong>521,</strong></span> <span class='ocrx_word' id='word_1_200' title='bbox 1223 2750 1296 2832; x_wconf 87' lang='lat' dir='ltr'><strong>etc.)</strong></span> <span class='ocrx_word' id='word_1_201' title='bbox 1309 2772 1318 2814; x_wconf 92' lang='lat'><strong>:</strong></span> 
     </span>
    </p>
   </div>
   <div class='ocr_carea' id='block_1_13' title="bbox 214 2897 1318 3559">
    <p class='ocr_par' dir='ltr' id='par_1_13' title="bbox 217 2897 944 2958">
     <span class='ocr_line' id='line_1_27' title="bbox 217 2897 944 2958; baseline -0.001 -11"><span class='ocrx_word' id='word_1_202' title='bbox 217 2899 332 2947; x_wconf 84' lang='lat' dir='ltr'><strong>Ludovici</strong></span> <span class='ocrx_word' id='word_1_203' title='bbox 344 2899 375 2944; x_wconf 85' lang='lat' dir='ltr'><strong>sd</strong></span> <span class='ocrx_word' id='word_1_204' title='bbox 388 2912 414 2945; x_wconf 88' lang='lat' dir='ltr'><strong>se</strong></span> <span class='ocrx_word' id='word_1_205' title='bbox 424 2898 594 2958; x_wconf 73' lang='lat' dir='ltr'><strong>profugerent:</strong></span> <span class='ocrx_word' id='word_1_206' title='bbox 611 2897 743 2958; x_wconf 75' lang='lat' dir='ltr'><strong>Aymoniue</strong></span> <span class='ocrx_word' id='word_1_207' title='bbox 793 2912 840 2945; x_wconf 73' lang='grc' dir='ltr'>αοιι</span> <span class='ocrx_word' id='word_1_208' title='bbox 849 2899 944 2947; x_wconf 81' lang='lat' dir='ltr'><strong>xvl.18.</strong></span> 
     </span>
    </p>

    <p class='ocr_par' dir='ltr' id='par_1_14' title="bbox 215 2973 1318 3260">
     <span class='ocr_line' id='line_1_28' title="bbox 216 2973 1318 3037; baseline 0.008 -16"><span class='ocrx_word' id='word_1_209' title='bbox 216 2976 268 3022; x_wconf 85' lang='lat' dir='ltr'><strong>Lib.</strong></span> <span class='ocrx_word' id='word_1_210' title='bbox 280 2989 304 3023; x_wconf 83' lang='lat' dir='ltr'><strong>v.</strong></span> <span class='ocrx_word' id='word_1_211' title='bbox 319 2989 372 3035; x_wconf 80' lang='lat' dir='ltr'><strong>esp.</strong></span> <span class='ocrx_word' id='word_1_212' title='bbox 381 2977 420 3021; x_wconf 80' lang='lat'><strong>34.</strong></span> <span class='ocrx_word' id='word_1_213' title='bbox 450 2974 488 3020; x_wconf 91' lang='lat' dir='ltr'><strong>De</strong></span> <span class='ocrx_word' id='word_1_214' title='bbox 503 2974 601 3033; x_wconf 76' lang='lat' dir='ltr'><strong>(legens</strong></span> <span class='ocrx_word' id='word_1_215' title='bbox 615 2973 743 3021; x_wconf 80' lang='lat' dir='ltr'><strong>Petzinscs</strong></span> <span class='ocrx_word' id='word_1_216' title='bbox 838 2973 849 3004; x_wconf 77' lang='lat'>⁸</span> <span class='ocrx_word' id='word_1_217' title='bbox 863 2974 937 3035; x_wconf 82' lang='lat' dir='ltr'><strong>Apud</strong></span> <span class='ocrx_word' id='word_1_218' title='bbox 948 2974 1103 3023; x_wconf 77' lang='lat' dir='ltr'><strong>Schollsstem</strong></span> <span class='ocrx_word' id='word_1_219' title='bbox 1114 2977 1192 3037; x_wconf 74' lang='lat' dir='ltr'><strong>snat,</strong></span> <span class='ocrx_word' id='word_1_220' title='bbox 1203 2980 1228 3026; x_wconf 92' lang='lat' dir='ltr'><strong>ln</strong></span> <span class='ocrx_word' id='word_1_221' title='bbox 1239 2980 1318 3032; x_wconf 83' lang='lat' dir='ltr'><strong>Theb.</strong></span> 
     </span>
     <span class='ocr_line' id='line_1_29' title="bbox 216 3048 1318 3111; baseline 0.006 -15"><span class='ocrx_word' id='word_1_222' title='bbox 216 3065 264 3096; x_wconf 90' lang='lat' dir='ltr'><strong>non</strong></span> <span class='ocrx_word' id='word_1_223' title='bbox 280 3050 361 3097; x_wconf 85' lang='lat' dir='ltr'><strong>dedito</strong></span> <span class='ocrx_word' id='word_1_224' title='bbox 374 3049 507 3110; x_wconf 85' lang='lat' dir='ltr'><strong>postulenti</strong></span> <span class='ocrx_word' id='word_1_225' title='bbox 523 3049 631 3110; x_wconf 74' lang='lat' dir='ltr'><strong>Tyrocho</strong></span> <span class='ocrx_word' id='word_1_226' title='bbox 647 3049 701 3095; x_wconf 82' lang='lat' dir='ltr'><strong>vide</strong></span> <span class='ocrx_word' id='word_1_227' title='bbox 717 3048 742 3094; x_wconf 93' lang='lat' dir='ltr'><strong>in</strong></span> <span class='ocrx_word' id='word_1_228' title='bbox 793 3062 842 3096; x_wconf 82' lang='lat'>111.</span> <span class='ocrx_word' id='word_1_229' title='bbox 853 3052 908 3099; x_wconf 77' lang='lat'>481.</span> <span class='ocrx_word' id='word_1_230' title='bbox 917 3051 959 3097; x_wconf 89' lang='lat' dir='ltr'><strong>ubi</strong></span> <span class='ocrx_word' id='word_1_231' title='bbox 969 3051 1037 3111; x_wconf 80' lang='lat' dir='ltr'><strong>qussi</strong></span> <span class='ocrx_word' id='word_1_232' title='bbox 1046 3065 1076 3097; x_wconf 84' lang='lat' dir='ltr'><strong>ex</strong></span> <span class='ocrx_word' id='word_1_233' title='bbox 1087 3050 1159 3098; x_wconf 80' lang='lat' dir='ltr'><strong>Libro</strong></span> <span class='ocrx_word' id='word_1_234' title='bbox 1169 3053 1318 3103; x_wconf 76' lang='lat' dir='ltr'><strong>Tuscnlms-</strong></span> 
     </span>
     <span class='ocr_line' id='line_1_30' title="bbox 216 3123 1318 3181; baseline 0.005 -9"><span class='ocrx_word' id='word_1_235' title='bbox 216 3125 369 3173; x_wconf 76' lang='lat' dir='ltr'><strong>Constantini</strong></span> <span class='ocrx_word' id='word_1_236' title='bbox 377 3123 529 3171; x_wconf 81' lang='lat' dir='ltr'><strong>Monomschl</strong></span> <span class='ocrx_word' id='word_1_237' title='bbox 537 3124 608 3170; x_wconf 87' lang='lat' dir='ltr'><strong>rebus</strong></span> <span class='ocrx_word' id='word_1_238' title='bbox 616 3124 742 3181; x_wconf 80' lang='lat' dir='ltr'><strong>Zonersm,</strong></span> <span class='ocrx_word' id='word_1_239' title='bbox 792 3138 845 3170; x_wconf 87' lang='lat' dir='ltr'><strong>rum</strong></span> <span class='ocrx_word' id='word_1_240' title='bbox 861 3124 886 3170; x_wconf 89' lang='lat' dir='ltr'><strong>id</strong></span> <span class='ocrx_word' id='word_1_241' title='bbox 898 3126 980 3172; x_wconf 76' lang='lat' dir='ltr'><strong>refert.</strong></span> <span class='ocrx_word' id='word_1_242' title='bbox 1012 3126 1060 3173; x_wconf 87' lang='lat' dir='ltr'><strong>Sed</strong></span> <span class='ocrx_word' id='word_1_243' title='bbox 1076 3125 1110 3172; x_wconf 89' lang='lat' dir='ltr'><strong>nil</strong></span> <span class='ocrx_word' id='word_1_244' title='bbox 1125 3127 1156 3174; x_wconf 92' lang='lat' dir='ltr'><strong>de</strong></span> <span class='ocrx_word' id='word_1_245' title='bbox 1171 3143 1200 3175; x_wconf 83' lang='lat' dir='ltr'><strong>ee</strong></span> <span class='ocrx_word' id='word_1_246' title='bbox 1215 3131 1266 3176; x_wconf 84' lang='lat' dir='ltr'><strong>Ars</strong></span> <span class='ocrx_word' id='word_1_247' title='bbox 1283 3132 1318 3178; x_wconf 88' lang='lat' dir='ltr'><strong>ibi</strong></span> 
     </span>
     <span class='ocr_line' id='line_1_31' title="bbox 215 3196 1021 3260; baseline 0.001 -14"><span class='ocrx_word' id='word_1_248' title='bbox 215 3200 277 3260; x_wconf 85' lang='lat' dir='ltr'><strong>(Lib.</strong></span> <span class='ocrx_word' id='word_1_249' title='bbox 289 3213 354 3245; x_wconf 86' lang='lat' dir='ltr'><strong>xvu.</strong></span> <span class='ocrx_word' id='word_1_250' title='bbox 369 3214 423 3260; x_wconf 81' lang='lat' dir='ltr'><strong>cop.</strong></span> <span class='ocrx_word' id='word_1_251' title='bbox 433 3198 470 3246; x_wconf 79' lang='grc'><strong>26.</strong></span> <span class='ocrx_word' id='word_1_252' title='bbox 504 3198 549 3243; x_wconf 83' lang='lat' dir='ltr'><strong>Ed.</strong></span> <span class='ocrx_word' id='word_1_253' title='bbox 562 3198 632 3258; x_wconf 69' lang='lat' dir='ltr'><strong>Rea.)</strong></span> <span class='ocrx_word' id='word_1_254' title='bbox 663 3196 703 3243; x_wconf 91' lang='lat' dir='ltr'><strong>Sic</strong></span> <span class='ocrx_word' id='word_1_255' title='bbox 716 3202 742 3245; x_wconf 89' lang='lat' dir='ltr'><strong>et</strong></span> <span class='ocrx_word' id='word_1_256' title='bbox 792 3200 919 3260; x_wconf 87' lang='lat' dir='ltr'><strong>reperitur.</strong></span> <span class='ocrx_word' id='word_1_257' title='bbox 950 3199 977 3247; x_wconf 85' lang='lat' dir='ltr'><strong>J.</strong></span> <span class='ocrx_word' id='word_1_258' title='bbox 987 3200 1021 3247; x_wconf 87' lang='lat' dir='ltr'><strong>B.</strong></span> 
     </span>
    </p>

    <p class='ocr_par' dir='ltr' id='par_1_15' title="bbox 214 3273 1317 3408">
     <span class='ocr_line' id='line_1_32' title="bbox 216 3273 1317 3340; baseline 0.006 -20"><span class='ocrx_word' id='word_1_259' title='bbox 216 3276 334 3320; x_wconf 86' lang='lat' dir='ltr'><strong>Osmenee</strong></span> <span class='ocrx_word' id='word_1_260' title='bbox 358 3276 388 3320; x_wconf 83' lang='lat' dir='ltr'><strong>nb</strong></span> <span class='ocrx_word' id='word_1_261' title='bbox 409 3274 531 3334; x_wconf 77' lang='lat' dir='ltr'><strong>Inungino</strong></span> <span class='ocrx_word' id='word_1_262' title='bbox 551 3273 665 3333; x_wconf 73' lang='lat' dir='ltr'><strong>prefecto</strong></span> <span class='ocrx_word' id='word_1_263' title='bbox 691 3285 741 3318; x_wconf 90' lang='lat' dir='ltr'><strong>non</strong></span> <span class='ocrx_word' id='word_1_264' title='bbox 835 3273 972 3336; x_wconf 78' lang='lat' dir='ltr'><strong>¹Serniee]</strong></span> <span class='ocrx_word' id='word_1_265' title='bbox 985 3275 1317 3340; x_wconf 72' lang='lat' dir='ltr'><strong>AdV111.AEneidec,(vers.</strong></span> 
     </span>
     <span class='ocr_line' id='line_1_33' title="bbox 214 3346 853 3408; baseline 0.005 -14"><span class='ocrx_word' id='word_1_266' title='bbox 214 3349 310 3394; x_wconf 87' lang='lat' dir='ltr'><strong>deditus</strong></span> <span class='ocrx_word' id='word_1_267' title='bbox 327 3349 446 3397; x_wconf 74' lang='lat' dir='ltr'><strong>Euhium-i:</strong></span> <span class='ocrx_word' id='word_1_268' title='bbox 461 3348 619 3394; x_wconf 82' lang='lat' dir='ltr'><strong>Leunclsrius</strong></span> <span class='ocrx_word' id='word_1_269' title='bbox 632 3346 695 3394; x_wconf 89' lang='lat' dir='ltr'><strong>libro</strong></span> <span class='ocrx_word' id='word_1_270' title='bbox 710 3360 738 3393; x_wconf 87' lang='lat' dir='ltr'><strong>u.</strong></span> <span class='ocrx_word' id='word_1_271' title='bbox 790 3348 853 3408; x_wconf 79' lang='lat'>342.)</span> 
     </span>
    </p>

    <p class='ocr_par' dir='ltr' id='par_1_16' title="bbox 214 3421 1317 3559">
     <span class='ocr_line' id='line_1_34' title="bbox 214 3421 1317 3491; baseline 0.005 -22"><span class='ocrx_word' id='word_1_272' title='bbox 214 3424 329 3469; x_wconf 73' lang='lat' dir='ltr'><strong>Historiae</strong></span> <span class='ocrx_word' id='word_1_273' title='bbox 346 3425 455 3470; x_wconf 68' lang='lat' dir='ltr'><strong>turcico.</strong></span> <span class='ocrx_word' id='word_1_274' title='bbox 485 3422 677 3482; x_wconf 85' lang='lat' dir='ltr'><strong>Albnquercium</strong></span> <span class='ocrx_word' id='word_1_275' title='bbox 689 3422 740 3470; x_wconf 90' lang='lat' dir='ltr'><strong>Lu·</strong></span> <span class='ocrx_word' id='word_1_276' title='bbox 836 3421 847 3456; x_wconf 65' lang='lat' dir='ltr'><strong>A</strong></span> <span class='ocrx_word' id='word_1_277' title='bbox 864 3423 996 3483; x_wconf 79' lang='lat' dir='ltr'><strong>Propriam</strong></span> <span class='ocrx_word' id='word_1_278' title='bbox 1014 3424 1189 3473; x_wconf 63' lang='lat' dir='ltr'><strong>Artabanum</strong></span> <span class='ocrx_word' id='word_1_279' title='bbox 1208 3427 1317 3491; x_wconf 77' lang='lat' dir='ltr'><strong>laudem]</strong></span> 
     </span>
     <span class='ocr_line' id='line_1_35' title="bbox 214 3497 1316 3559; baseline 0.007 -16"><span class='ocrx_word' id='word_1_280' title='bbox 214 3497 285 3543; x_wconf 80' lang='lat' dir='ltr'><strong>sitem</strong></span> <span class='ocrx_word' id='word_1_281' title='bbox 295 3511 343 3542; x_wconf 94' lang='lat' dir='ltr'><strong>non</strong></span> <span class='ocrx_word' id='word_1_282' title='bbox 357 3497 476 3553; x_wconf 85' lang='lat' dir='ltr'><strong>dedidere,</strong></span> <span class='ocrx_word' id='word_1_283' title='bbox 491 3501 520 3542; x_wconf 89' lang='lat' dir='ltr'><strong>ut</strong></span> <span class='ocrx_word' id='word_1_284' title='bbox 533 3502 652 3542; x_wconf 86' lang='lat' dir='ltr'><strong>memoret</strong></span> <span class='ocrx_word' id='word_1_285' title='bbox 665 3497 740 3542; x_wconf 84' lang='lat' dir='ltr'><strong>hlsri-</strong></span> <span class='ocrx_word' id='word_1_286' title='bbox 791 3497 869 3553; x_wconf 77' lang='lat' dir='ltr'><strong>Quem</strong></span> <span class='ocrx_word' id='word_1_287' title='bbox 877 3498 1017 3559; x_wconf 79' lang='lat' dir='ltr'><strong>Arrsgoniis</strong></span> <span class='ocrx_word' id='word_1_288' title='bbox 1025 3501 1269 3553; x_wconf 75' lang='lat' dir='ltr'><strong>tribnlthlcrisnm.</strong></span> <span class='ocrx_word' id='word_1_289' title='bbox 1277 3507 1316 3554; x_wconf 77' lang='lat'><strong>13.</strong></span> 
     </span>
    </p>
   </div>
   <div class='ocr_carea' id='block_1_14' title="bbox 210 3717 1316 4310">
    <p class='ocr_par' dir='ltr' id='par_1_17' title="bbox 212 3717 1316 3949">
     <span class='ocr_line' id='line_1_36' title="bbox 213 3717 1316 3796; baseline 0.004 -21"><span class='ocrx_word' id='word_1_290' title='bbox 213 3735 291 3775; x_wconf 87' lang='lat' dir='ltr'><strong>seme</strong></span> <span class='ocrx_word' id='word_1_291' title='bbox 311 3717 381 3773; x_wconf 80' lang='lat' dir='ltr'><strong>rulo.</strong></span> <span class='ocrx_word' id='word_1_292' title='bbox 424 3717 485 3773; x_wconf 87' lang='lat' dir='ltr'><strong>The</strong></span> <span class='ocrx_word' id='word_1_293' title='bbox 508 3718 686 3775; x_wconf 78' lang='lat' dir='ltr'><strong>Ohslcidisns</strong></span> <span class='ocrx_word' id='word_1_294' title='bbox 708 3721 800 3776; x_wconf 77' lang='lat' dir='ltr'><strong>would</strong></span> <span class='ocrx_word' id='word_1_295' title='bbox 822 3728 873 3777; x_wconf 91' lang='lat' dir='ltr'><strong>not</strong></span> <span class='ocrx_word' id='word_1_296' title='bbox 895 3724 959 3794; x_wconf 81' lang='lat' dir='ltr'><strong>gire</strong></span> <span class='ocrx_word' id='word_1_297' title='bbox 981 3741 1021 3796; x_wconf 91' lang='lat' dir='ltr'><strong>up</strong></span> <span class='ocrx_word' id='word_1_298' title='bbox 1043 3723 1184 3796; x_wconf 74' lang='lat' dir='ltr'><strong>Nauplius</strong></span> <span class='ocrx_word' id='word_1_299' title='bbox 1205 3729 1236 3778; x_wconf 91' lang='lat' dir='ltr'><strong>to</strong></span> <span class='ocrx_word' id='word_1_300' title='bbox 1264 3724 1316 3781; x_wconf 91' lang='lat' dir='ltr'><strong>the</strong></span> 
     </span>
     <span class='ocr_line' id='line_1_37' title="bbox 212 3802 1315 3881; baseline 0.007 -24"><span class='ocrx_word' id='word_1_301' title='bbox 212 3804 367 3866; x_wconf 80' lang='lat' dir='ltr'><strong>Acheisne3</strong></span> <span class='ocrx_word' id='word_1_302' title='bbox 388 3802 441 3858; x_wconf 90' lang='lat' dir='ltr'><strong>but</strong></span> <span class='ocrx_word' id='word_1_303' title='bbox 456 3804 504 3858; x_wconf 89' lang='lat' dir='ltr'><strong>the</strong></span> <span class='ocrx_word' id='word_1_304' title='bbox 519 3821 603 3859; x_wconf 78' lang='lat' dir='ltr'><strong>cause</strong></span> <span class='ocrx_word' id='word_1_305' title='bbox 617 3805 640 3859; x_wconf 92' lang='lat' dir='ltr'><strong>is</strong></span> <span class='ocrx_word' id='word_1_306' title='bbox 655 3806 756 3871; x_wconf 79' lang='lat' dir='ltr'><strong>added,</strong></span> <span class='ocrx_word' id='word_1_307' title='bbox 767 3807 887 3862; x_wconf 84' lang='lat' dir='ltr'><strong>because</strong></span> <span class='ocrx_word' id='word_1_308' title='bbox 901 3809 939 3863; x_wconf 92' lang='lat' dir='ltr'><strong>he</strong></span> <span class='ocrx_word' id='word_1_309' title='bbox 950 3809 1006 3864; x_wconf 87' lang='lat' dir='ltr'><strong>hed</strong></span> <span class='ocrx_word' id='word_1_310' title='bbox 1021 3810 1187 3881; x_wconf 79' lang='lat' dir='ltr'><strong>sufficiently</strong></span> <span class='ocrx_word' id='word_1_311' title='bbox 1201 3809 1315 3866; x_wconf 73' lang='lat' dir='ltr'><strong>cleared</strong></span> 
     </span>
     <span class='ocr_line' id='line_1_38' title="bbox 212 3889 934 3949; baseline 0.008 -6"><span class='ocrx_word' id='word_1_312' title='bbox 212 3889 330 3944; x_wconf 86' lang='lat' dir='ltr'><strong>himself</strong></span> <span class='ocrx_word' id='word_1_313' title='bbox 340 3889 414 3943; x_wconf 83' lang='lat' dir='ltr'><strong>from</strong></span> <span class='ocrx_word' id='word_1_314' title='bbox 430 3890 478 3944; x_wconf 90' lang='lat' dir='ltr'><strong>tho</strong></span> <span class='ocrx_word' id='word_1_315' title='bbox 491 3892 666 3945; x_wconf 79' lang='lat' dir='ltr'><strong>accusatione</strong></span> <span class='ocrx_word' id='word_1_316' title='bbox 678 3892 712 3946; x_wconf 86' lang='lat' dir='ltr'><strong>of</strong></span> <span class='ocrx_word' id='word_1_317' title='bbox 723 3893 772 3947; x_wconf 92' lang='lat' dir='ltr'><strong>the</strong></span> <span class='ocrx_word' id='word_1_318' title='bbox 786 3894 934 3949; x_wconf 77' lang='lat' dir='ltr'><strong>Achaicus.</strong></span> 
     </span>
    </p>

    <p class='ocr_par' dir='ltr' id='par_1_18' title="bbox 210 3975 1316 4310">
     <span class='ocr_line' id='line_1_39' title="bbox 267 3975 1316 4052; baseline 0.007 -23"><span class='ocrx_word' id='word_1_319' title='bbox 267 3982 284 4029; x_wconf 83' lang='lat'><strong>2</strong></span> <span class='ocrx_word' id='word_1_320' title='bbox 306 3975 399 4030; x_wconf 86' lang='lat' dir='ltr'><strong>There</strong></span> <span class='ocrx_word' id='word_1_321' title='bbox 414 3992 468 4031; x_wconf 79' lang='lat' dir='ltr'><strong>uos</strong></span> <span class='ocrx_word' id='word_1_322' title='bbox 482 3983 512 4030; x_wconf 83' lang='lat' dir='ltr'><strong>et</strong></span> <span class='ocrx_word' id='word_1_323' title='bbox 525 3975 632 4031; x_wconf 85' lang='lat' dir='ltr'><strong>Athens</strong></span> <span class='ocrx_word' id='word_1_324' title='bbox 644 3995 681 4031; x_wconf 88' lang='lat' dir='ltr'><strong>sn</strong></span> <span class='ocrx_word' id='word_1_325' title='bbox 693 3977 774 4033; x_wconf 81' lang='lat' dir='ltr'><strong>Alter</strong></span> <span class='ocrx_word' id='word_1_326' title='bbox 789 3978 821 4033; x_wconf 82' lang='lat' dir='ltr'><strong>oi</strong></span> <span class='ocrx_word' id='word_1_327' title='bbox 838 3978 944 4051; x_wconf 68' lang='lat' dir='ltr'><strong>Merop,</strong></span> <span class='ocrx_word' id='word_1_328' title='bbox 961 3980 1122 4035; x_wconf 87' lang='lat' dir='ltr'><strong>mentioned</strong></span> <span class='ocrx_word' id='word_1_329' title='bbox 1135 3980 1172 4052; x_wconf 80' lang='lat' dir='ltr'><strong>by</strong></span> <span class='ocrx_word' id='word_1_330' title='bbox 1185 3981 1316 4046; x_wconf 65' lang='lat' dir='ltr'><strong>ciceror,</strong></span> 
     </span>
     <span class='ocr_line' id='line_1_40' title="bbox 212 4061 1314 4138; baseline 0.006 -23"><span class='ocrx_word' id='word_1_331' title='bbox 212 4062 375 4126; x_wconf 76' lang='lat' dir='ltr'><strong>Pausaniae,</strong></span> <span class='ocrx_word' id='word_1_332' title='bbox 394 4061 515 4127; x_wconf 80' lang='lat' dir='ltr'><strong>Servius,</strong></span> <span class='ocrx_word' id='word_1_333' title='bbox 534 4062 714 4134; x_wconf 88' lang='lat' dir='ltr'><strong>Theophilus,</strong></span> <span class='ocrx_word' id='word_1_334' title='bbox 735 4065 791 4119; x_wconf 85' lang='lat' dir='ltr'><strong>end</strong></span> <span class='ocrx_word' id='word_1_335' title='bbox 813 4064 960 4119; x_wconf 85' lang='lat' dir='ltr'><strong>described</strong></span> <span class='ocrx_word' id='word_1_336' title='bbox 978 4074 1008 4120; x_wconf 84' lang='lat' dir='ltr'><strong>et</strong></span> <span class='ocrx_word' id='word_1_337' title='bbox 1028 4066 1127 4137; x_wconf 82' lang='lat' dir='ltr'><strong>length</strong></span> <span class='ocrx_word' id='word_1_338' title='bbox 1149 4066 1187 4138; x_wconf 80' lang='lat' dir='ltr'><strong>by</strong></span> <span class='ocrx_word' id='word_1_339' title='bbox 1205 4066 1314 4122; x_wconf 72' lang='lat' dir='ltr'><strong>Statius</strong></span> 
     </span>
     <span class='ocr_line' id='line_1_41' title="bbox 212 4147 1315 4224; baseline 0.007 -24"><span class='ocrx_word' id='word_1_340' title='bbox 212 4149 241 4201; x_wconf 94' lang='lat' dir='ltr'><strong>in</strong></span> <span class='ocrx_word' id='word_1_341' title='bbox 256 4147 299 4202; x_wconf 91' lang='lat' dir='ltr'><strong>his</strong></span> <span class='ocrx_word' id='word_1_342' title='bbox 319 4148 444 4202; x_wconf 76' lang='lat' dir='ltr'><strong>Thebaid.</strong></span> <span class='ocrx_word' id='word_1_343' title='bbox 482 4149 539 4202; x_wconf 89' lang='lat' dir='ltr'><strong>But</strong></span> <span class='ocrx_word' id='word_1_344' title='bbox 550 4154 580 4203; x_wconf 93' lang='lat' dir='ltr'><strong>to</strong></span> <span class='ocrx_word' id='word_1_345' title='bbox 597 4149 688 4203; x_wconf 82' lang='lat' dir='ltr'><strong>whom</strong></span> <span class='ocrx_word' id='word_1_346' title='bbox 703 4166 758 4204; x_wconf 83' lang='lat' dir='ltr'><strong>was</strong></span> <span class='ocrx_word' id='word_1_347' title='bbox 773 4152 795 4205; x_wconf 91' lang='lat' dir='ltr'><strong>it</strong></span> <span class='ocrx_word' id='word_1_348' title='bbox 807 4151 977 4206; x_wconf 85' lang='lat' dir='ltr'><strong>occessible?</strong></span> <span class='ocrx_word' id='word_1_349' title='bbox 1010 4151 1071 4206; x_wconf 90' lang='lat' dir='ltr'><strong>The</strong></span> <span class='ocrx_word' id='word_1_350' title='bbox 1086 4157 1153 4223; x_wconf 91' lang='lat' dir='ltr'><strong>poet</strong></span> <span class='ocrx_word' id='word_1_351' title='bbox 1167 4168 1239 4224; x_wconf 74' lang='lat' dir='ltr'><strong>seps,</strong></span> <span class='ocrx_word' id='word_1_352' title='bbox 1259 4154 1315 4209; x_wconf 80' lang='lat' dir='ltr'><strong>The</strong></span> 
     </span>
     <span class='ocr_line' id='line_1_42' title="bbox 210 4234 1314 4310; baseline 0.006 -23"><span class='ocrx_word' id='word_1_353' title='bbox 210 4234 348 4288; x_wconf 79' lang='lat' dir='ltr'><strong>miseroble</strong></span> <span class='ocrx_word' id='word_1_354' title='bbox 362 4234 440 4289; x_wconf 82' lang='lat' dir='ltr'><strong>made</strong></span> <span class='ocrx_word' id='word_1_355' title='bbox 457 4234 478 4288; x_wconf 88' lang='lat' dir='ltr'><strong>it</strong></span> <span class='ocrx_word' id='word_1_356' title='bbox 491 4235 604 4288; x_wconf 83' lang='lat' dir='ltr'><strong>ceored:</strong></span> <span class='ocrx_word' id='word_1_357' title='bbox 622 4235 677 4288; x_wconf 84' lang='lat' dir='ltr'><strong>end</strong></span> <span class='ocrx_word' id='word_1_358' title='bbox 693 4234 771 4300; x_wconf 78' lang='lat' dir='ltr'><strong>adds,</strong></span> <span class='ocrx_word' id='word_1_359' title='bbox 787 4236 848 4290; x_wconf 85' lang='lat' dir='ltr'><strong>thet</strong></span> <span class='ocrx_word' id='word_1_360' title='bbox 863 4237 932 4292; x_wconf 75' lang='lat' dir='ltr'><strong>those</strong></span> <span class='ocrx_word' id='word_1_361' title='bbox 945 4238 1003 4292; x_wconf 84' lang='lat' dir='ltr'><strong>wbo</strong></span> <span class='ocrx_word' id='word_1_362' title='bbox 1018 4254 1091 4292; x_wconf 85' lang='lat' dir='ltr'><strong>came</strong></span> <span class='ocrx_word' id='word_1_363' title='bbox 1109 4240 1222 4310; x_wconf 75' lang='lat' dir='ltr'><strong>topetber</strong></span> <span class='ocrx_word' id='word_1_364' title='bbox 1235 4240 1314 4305; x_wconf 68' lang='lat' dir='ltr'><strong>there,</strong></span> 
     </span>
    </p>
   </div>
   <div class='ocr_carea' id='block_1_15' title="bbox 209 4348 1314 4486">
    <p class='ocr_par' dir='ltr' id='par_1_19' title="bbox 209 4348 1314 4486">
     <span class='ocr_line' id='line_1_43' title="bbox 256 4348 1314 4411; baseline 0.009 -18"><span class='ocrx_word' id='word_1_365' title='bbox 256 4348 270 4373; x_wconf 89' lang='lat'>&#39;</span> <span class='ocrx_word' id='word_1_366' title='bbox 286 4349 383 4403; x_wconf 85' lang='lat' dir='ltr'><strong>Quoted</strong></span> <span class='ocrx_word' id='word_1_367' title='bbox 393 4349 424 4410; x_wconf 76' lang='lat' dir='ltr'><strong>by</strong></span> <span class='ocrx_word' id='word_1_368' title='bbox 435 4349 476 4395; x_wconf 89' lang='lat' dir='ltr'><strong>the</strong></span> <span class='ocrx_word' id='word_1_369' title='bbox 486 4348 604 4395; x_wconf 84' lang='lat' dir='ltr'><strong>Scholisst</strong></span> <span class='ocrx_word' id='word_1_370' title='bbox 615 4362 646 4394; x_wconf 92' lang='lat' dir='ltr'><strong>on</strong></span> <span class='ocrx_word' id='word_1_371' title='bbox 658 4349 756 4406; x_wconf 80' lang='lat' dir='ltr'><strong>Statius,</strong></span> <span class='ocrx_word' id='word_1_372' title='bbox 771 4351 840 4399; x_wconf 75' lang='lat' dir='ltr'><strong>Theb.</strong></span> <span class='ocrx_word' id='word_1_373' title='bbox 853 4365 902 4399; x_wconf 68' lang='grc' dir='ltr'><strong>ιιι.</strong></span> <span class='ocrx_word' id='word_1_374' title='bbox 913 4355 966 4411; x_wconf 81' lang='grc'><strong>481,</strong></span> <span class='ocrx_word' id='word_1_375' title='bbox 976 4354 1056 4400; x_wconf 82' lang='lat' dir='ltr'><strong>where</strong></span> <span class='ocrx_word' id='word_1_376' title='bbox 1067 4353 1098 4400; x_wconf 91' lang='lat' dir='ltr'><strong>he</strong></span> <span class='ocrx_word' id='word_1_377' title='bbox 1109 4354 1184 4400; x_wconf 80' lang='lat' dir='ltr'><strong>refers</strong></span> <span class='ocrx_word' id='word_1_378' title='bbox 1199 4356 1255 4402; x_wconf 82' lang='lat' dir='ltr'><strong>itte</strong></span> <span class='ocrx_word' id='word_1_379' title='bbox 1271 4355 1314 4402; x_wconf 83' lang='lat' dir='ltr'><strong>the</strong></span> 
     </span>
     <span class='ocr_line' id='line_1_44' title="bbox 209 4422 1185 4486; baseline 0.006 -16"><span class='ocrx_word' id='word_1_380' title='bbox 209 4422 363 4470; x_wconf 76' lang='lat' dir='ltr'><strong>Tusculenez</strong></span> <span class='ocrx_word' id='word_1_381' title='bbox 376 4423 421 4470; x_wconf 89' lang='lat' dir='ltr'><strong>but</strong></span> <span class='ocrx_word' id='word_1_382' title='bbox 430 4423 455 4469; x_wconf 89' lang='lat' dir='ltr'><strong>in</strong></span> <span class='ocrx_word' id='word_1_383' title='bbox 466 4424 519 4471; x_wconf 79' lang='lat' dir='ltr'><strong>thet</strong></span> <span class='ocrx_word' id='word_1_384' title='bbox 528 4425 596 4470; x_wconf 76' lang='lat' dir='ltr'><strong>work</strong></span> <span class='ocrx_word' id='word_1_385' title='bbox 606 4423 675 4471; x_wconf 82' lang='lat' dir='ltr'><strong>there</strong></span> <span class='ocrx_word' id='word_1_386' title='bbox 685 4424 706 4471; x_wconf 85' lang='lat' dir='ltr'><strong>is</strong></span> <span class='ocrx_word' id='word_1_387' title='bbox 717 4424 819 4486; x_wconf 77' lang='lat' dir='ltr'><strong>nothing</strong></span> <span class='ocrx_word' id='word_1_388' title='bbox 828 4427 904 4475; x_wconf 81' lang='lat' dir='ltr'><strong>sbcut</strong></span> <span class='ocrx_word' id='word_1_389' title='bbox 913 4427 972 4475; x_wconf 81' lang='lat' dir='ltr'><strong>such</strong></span> <span class='ocrx_word' id='word_1_390' title='bbox 981 4441 1012 4475; x_wconf 78' lang='lat' dir='ltr'><strong>sn</strong></span> <span class='ocrx_word' id='word_1_391' title='bbox 1023 4427 1093 4475; x_wconf 71' lang='lat' dir='ltr'><strong>alter.</strong></span> <span class='ocrx_word' id='word_1_392' title='bbox 1123 4427 1139 4476; x_wconf 89' lang='lat' dir='ltr'>J</span> <span class='ocrx_word' id='word_1_393' title='bbox 1143 4428 1185 4476; x_wconf 86' lang='lat' dir='ltr'><strong>.B.</strong></span> 
     </span>
    </p>
   </div>
   <div class='ocr_carea' id='block_1_16' title="bbox 0 0 1422 4920">
    <p class='ocr_par' dir='ltr' id='par_1_20' title="bbox 0 0 1422 4920">
     <span class='ocr_line' id='line_1_45' title="bbox 0 0 1422 4920; baseline 0 5"><span class='ocrx_word' id='word_1_394' title='bbox 0 0 1422 4920; x_wconf 95' lang='lat' dir='ltr'><strong> </strong></span> 
     </span>
    </p>
   </div>
  </div>
 </body>
</html>
