<?xml version="1.0" encoding="UTF-8"?>
<!DOCTYPE html PUBLIC "-//W3C//DTD XHTML 1.0 Transitional//EN"
    "http://www.w3.org/TR/xhtml1/DTD/xhtml1-transitional.dtd">
<html xmlns="http://www.w3.org/1999/xhtml" xml:lang="en" lang="en">
 <head>
  <title>
</title>
<meta http-equiv="Content-Type" content="text/html;charset=utf-8" />
  <meta name='ocr-system' content='tesseract 3.04.00' />
  <meta name='ocr-capabilities' content='ocr_page ocr_carea ocr_par ocr_line ocrx_word'/>
</head>
<body>
  <div class='ocr_page' id='page_1' title='image "./hugonisgrotiide03barbgoog_0319.png"; bbox 0 0 2834 4920; ppageno 0'>
   <div class='ocr_carea' id='block_1_1' title="bbox 213 258 1317 335">
    <p class='ocr_par' dir='ltr' id='par_1_1' title="bbox 213 258 1317 335">
     <span class='ocr_line' id='line_1_1' title="bbox 213 258 1317 335; baseline 0.001 -14"><span class='ocrx_word' id='word_1_1' title='bbox 213 258 277 322; x_wconf 77' lang='lat'><strong>302</strong></span> <span class='ocrx_word' id='word_1_2' title='bbox 660 265 713 321; x_wconf 82' lang='lat' dir='ltr'><strong>Dll</strong></span> <span class='ocrx_word' id='word_1_3' title='bbox 734 265 873 323; x_wconf 83' lang='lat' dir='ltr'><strong>POENIS.</strong></span> <span class='ocrx_word' id='word_1_4' title='bbox 1188 259 1263 335; x_wconf 77' lang='lat' dir='ltr'><strong>[bru.</strong></span> <span class='ocrx_word' id='word_1_5' title='bbox 1276 266 1317 322; x_wconf 87' lang='lat'><strong>11.</strong></span> 
     </span>
    </p>
   </div>
   <div class='ocr_carea' id='block_1_2' title="bbox 45 426 1317 2406">
    <p class='ocr_par' dir='ltr' id='par_1_2' title="bbox 45 426 1317 2406">
     <span class='ocr_line' id='line_1_2' title="bbox 212 426 1317 515; baseline -0.001 -20"><span class='ocrx_word' id='word_1_6' title='bbox 212 432 263 495; x_wconf 81' lang='lat' dir='ltr'><strong>Ea</strong></span> <span class='ocrx_word' id='word_1_7' title='bbox 286 436 391 496; x_wconf 89' lang='lat' dir='ltr'><strong>autem</strong></span> <span class='ocrx_word' id='word_1_8' title='bbox 407 427 491 495; x_wconf 89' lang='lat' dir='ltr'><strong>nasci</strong></span> <span class='ocrx_word' id='word_1_9' title='bbox 515 427 596 494; x_wconf 90' lang='lat' dir='ltr'><strong>solet</strong></span> <span class='ocrx_word' id='word_1_10' title='bbox 620 449 660 493; x_wconf 87' lang='lat' dir='ltr'><strong>ex</strong></span> <span class='ocrx_word' id='word_1_11' title='bbox 677 429 875 515; x_wconf 79' lang='lat' dir='ltr'><strong>generalibus</strong></span> <span class='ocrx_word' id='word_1_12' title='bbox 899 426 1108 494; x_wconf 74' lang='lat' dir='ltr'><strong>invitamentis</strong></span> <span class='ocrx_word' id='word_1_13' title='bbox 1124 426 1167 493; x_wconf 91' lang='lat' dir='ltr'><strong>ad</strong></span> <span class='ocrx_word' id='word_1_14' title='bbox 1187 448 1317 513; x_wconf 89' lang='lat' dir='ltr'><strong>peccan-</strong></span> 
     </span>
     <span class='ocr_line' id='line_1_3' title="bbox 214 525 1317 614; baseline 0 -20"><span class='ocrx_word' id='word_1_15' title='bbox 214 529 297 603; x_wconf 88' lang='lat' dir='ltr'><strong>dum,</strong></span> <span class='ocrx_word' id='word_1_16' title='bbox 316 550 386 614; x_wconf 85' lang='lat' dir='ltr'><strong>quae</strong></span> <span class='ocrx_word' id='word_1_17' title='bbox 400 527 528 614; x_wconf 76' lang='lat' dir='ltr'><strong>reprimi</strong></span> <span class='ocrx_word' id='word_1_18' title='bbox 540 526 599 593; x_wconf 91' lang='lat' dir='ltr'><strong>nisi</strong></span> <span class='ocrx_word' id='word_1_19' title='bbox 610 528 733 593; x_wconf 88' lang='lat' dir='ltr'><strong>acribus</strong></span> <span class='ocrx_word' id='word_1_20' title='bbox 744 527 890 593; x_wconf 80' lang='lat' dir='ltr'><strong>remediis</strong></span> <span class='ocrx_word' id='word_1_21' title='bbox 901 534 1069 614; x_wconf 87' lang='lat' dir='ltr'><strong>nequeunt.</strong></span> <span class='ocrx_word' id='word_1_22' title='bbox 1103 525 1317 594; x_wconf 88' lang='lat' dir='ltr'><strong>Invitameuta</strong></span> 
     </span>
     <span class='ocr_line' id='line_1_4' title="bbox 213 625 1001 714; baseline -0.004 -21"><span class='ocrx_word' id='word_1_23' title='bbox 213 636 318 693; x_wconf 87' lang='lat' dir='ltr'><strong>autem</strong></span> <span class='ocrx_word' id='word_1_24' title='bbox 335 626 491 714; x_wconf 80' lang='lat' dir='ltr'><strong>prsecipua</strong></span> <span class='ocrx_word' id='word_1_25' title='bbox 507 635 588 703; x_wconf 91' lang='lat' dir='ltr'><strong>sunt,</strong></span> <span class='ocrx_word' id='word_1_26' title='bbox 607 626 795 692; x_wconf 90' lang='lat' dir='ltr'><strong>consuetudo</strong></span> <span class='ocrx_word' id='word_1_27' title='bbox 812 636 846 694; x_wconf 89' lang='lat' dir='ltr'><strong>et</strong></span> <span class='ocrx_word' id='word_1_28' title='bbox 860 625 1001 692; x_wconf 80' lang='lat' dir='ltr'><strong>facilitas</strong></span> 
     </span>
     <span class='ocr_line' id='line_1_5' title="bbox 289 723 1314 813; baseline 0 -22"><span class='ocrx_word' id='word_1_29' title='bbox 289 727 427 793; x_wconf 85' lang='lat' dir='ltr'>XXXV.</span> <span class='ocrx_word' id='word_1_30' title='bbox 471 727 522 792; x_wconf 91' lang='lat' dir='ltr'><strong>Ob</strong></span> <span class='ocrx_word' id='word_1_31' title='bbox 541 725 721 792; x_wconf 75' lang='lat' dir='ltr'><strong>facilitatem</strong></span> <span class='ocrx_word' id='word_1_32' title='bbox 737 725 789 792; x_wconf 89' lang='lat' dir='ltr'><strong>lex</strong></span> <span class='ocrx_word' id='word_1_33' title='bbox 806 725 912 792; x_wconf 88' lang='lat' dir='ltr'><strong>divina</strong></span> <span class='ocrx_word' id='word_1_34' title='bbox 928 724 1074 792; x_wconf 85' lang='lat' dir='ltr'><strong>Hebroeis</strong></span> <span class='ocrx_word' id='word_1_35' title='bbox 1091 723 1166 791; x_wconf 87' lang='lat' dir='ltr'><strong>data</strong></span> <span class='ocrx_word' id='word_1_36' title='bbox 1182 723 1314 813; x_wconf 87' lang='lat' dir='ltr'><strong>gravius</strong></span> 
     </span>
     <span class='ocr_line' id='line_1_6' title="bbox 213 823 1313 912; baseline 0.003 -21"><span class='ocrx_word' id='word_1_37' title='bbox 213 823 304 912; x_wconf 89' lang='lat' dir='ltr'><strong>punit</strong></span> <span class='ocrx_word' id='word_1_38' title='bbox 319 825 436 891; x_wconf 84' lang='lat' dir='ltr'><strong>furtum</strong></span> <span class='ocrx_word' id='word_1_39' title='bbox 454 826 515 892; x_wconf 76' lang='lat' dir='ltr'><strong>⁸de</strong></span> <span class='ocrx_word' id='word_1_40' title='bbox 531 846 644 912; x_wconf 86' lang='lat' dir='ltr'><strong>pascuo</strong></span> <span class='ocrx_word' id='word_1_41' title='bbox 660 847 753 911; x_wconf 90' lang='lat' dir='ltr'><strong>quam</strong></span> <span class='ocrx_word' id='word_1_42' title='bbox 770 825 810 891; x_wconf 92' lang='lat' dir='ltr'><strong>de</strong></span> <span class='ocrx_word' id='word_1_43' title='bbox 827 826 928 902; x_wconf 90' lang='lat' dir='ltr'><strong>domo,</strong></span> <span class='ocrx_word' id='word_1_44' title='bbox 946 825 1046 891; x_wconf 83' lang='lat' dir='ltr'><strong>Exod.</strong></span> <span class='ocrx_word' id='word_1_45' title='bbox 1063 823 1139 893; x_wconf 82' lang='lat' dir='ltr'><strong>xxii.</strong></span> <span class='ocrx_word' id='word_1_46' title='bbox 1154 827 1174 889; x_wconf 94' lang='grc'>1</span> <span class='ocrx_word' id='word_1_47' title='bbox 1188 834 1221 890; x_wconf 90' lang='lat' dir='ltr'><strong>et</strong></span> <span class='ocrx_word' id='word_1_48' title='bbox 1234 823 1265 902; x_wconf 79' lang='lat'><strong>7,</strong></span> <span class='ocrx_word' id='word_1_49' title='bbox 1281 828 1313 894; x_wconf 90' lang='grc'><strong>9.</strong></span> 
     </span>
     <span class='ocr_line' id='line_1_7' title="bbox 212 924 1312 1013; baseline 0.002 -24"><span class='ocrx_word' id='word_1_50' title='bbox 212 925 238 989; x_wconf 89' lang='lat' dir='ltr'><strong>J</strong></span> <span class='ocrx_word' id='word_1_51' title='bbox 240 925 359 991; x_wconf 89' lang='lat' dir='ltr'><strong>ustinus</strong></span> <span class='ocrx_word' id='word_1_52' title='bbox 374 925 413 990; x_wconf 93' lang='lat' dir='ltr'><strong>de</strong></span> <span class='ocrx_word' id='word_1_53' title='bbox 432 924 582 1013; x_wconf 77' lang='lat' dir='ltr'><strong>Scythia:</strong></span> <span class='ocrx_word' id='word_1_54' title='bbox 607 927 739 991; x_wconf 82' lang='lat' dir='ltr'><strong>mallem</strong></span> <span class='ocrx_word' id='word_1_55' title='bbox 754 927 857 992; x_wconf 83' lang='lat' dir='ltr'><strong>seclae</strong></span> <span class='ocrx_word' id='word_1_56' title='bbox 873 928 966 1010; x_wconf 81' lang='lat' dir='ltr'><strong>apud</strong></span> <span class='ocrx_word' id='word_1_57' title='bbox 985 927 1145 1010; x_wconf 81' lang='lat' dir='ltr'><strong>cossurto</strong></span> <span class='ocrx_word' id='word_1_58' title='bbox 1163 927 1312 1009; x_wconf 73' lang='lat' dir='ltr'><strong>pravius,</strong></span> 
     </span>
     <span class='ocr_line' id='line_1_8' title="bbox 213 1025 1313 1110; baseline 0.001 -21"><span class='ocrx_word' id='word_1_59' title='bbox 213 1028 333 1110; x_wconf 80' lang='lat' dir='ltr'><strong>quippe</strong></span> <span class='ocrx_word' id='word_1_60' title='bbox 344 1027 414 1090; x_wconf 83' lang='lat' dir='ltr'><strong>aina</strong></span> <span class='ocrx_word' id='word_1_61' title='bbox 427 1037 506 1091; x_wconf 86' lang='lat' dir='ltr'><strong>tecto</strong></span> <span class='ocrx_word' id='word_1_62' title='bbox 520 1027 776 1108; x_wconf 80' lang='lat' dir='ltr'><strong>munimentoqae</strong></span> <span class='ocrx_word' id='word_1_63' title='bbox 785 1046 906 1108; x_wconf 81' lang='lat' dir='ltr'><strong>pecora</strong></span> <span class='ocrx_word' id='word_1_64' title='bbox 917 1036 948 1090; x_wconf 85' lang='lat' dir='ltr'><strong>et</strong></span> <span class='ocrx_word' id='word_1_65' title='bbox 960 1036 1110 1090; x_wconf 77' lang='lat' dir='ltr'><strong>ammenta</strong></span> <span class='ocrx_word' id='word_1_66' title='bbox 1120 1025 1313 1090; x_wconf 82' lang='lat' dir='ltr'><strong>habentibus</strong></span> 
     </span>
     <span class='ocr_line' id='line_1_9' title="bbox 213 1121 1313 1209; baseline 0 -21"><span class='ocrx_word' id='word_1_67' title='bbox 213 1127 294 1206; x_wconf 81' lang='lat' dir='ltr'><strong>quid</strong></span> <span class='ocrx_word' id='word_1_68' title='bbox 309 1125 438 1190; x_wconf 82' lang='lat' dir='ltr'><strong>solcum</strong></span> <span class='ocrx_word' id='word_1_69' title='bbox 454 1136 543 1203; x_wconf 87' lang='lat' dir='ltr'><strong>esset,</strong></span> <span class='ocrx_word' id='word_1_70' title='bbox 564 1147 594 1190; x_wconf 84' lang='lat' dir='ltr'><strong>sa</strong></span> <span class='ocrx_word' id='word_1_71' title='bbox 588 1126 732 1209; x_wconf 71' lang='lat' dir='ltr'><strong>ferrari</strong></span> <span class='ocrx_word' id='word_1_72' title='bbox 748 1124 886 1190; x_wconf 72' lang='lat' dir='ltr'><strong>liceret!</strong></span> <span class='ocrx_word' id='word_1_73' title='bbox 925 1122 1032 1189; x_wconf 87' lang='lat' dir='ltr'><strong>Simile</strong></span> <span class='ocrx_word' id='word_1_74' title='bbox 1047 1122 1149 1188; x_wconf 91' lang='lat' dir='ltr'><strong>illud</strong></span> <span class='ocrx_word' id='word_1_75' title='bbox 1141 1146 1174 1188; x_wconf 89' lang='grc' dir='ltr'><strong>ιιι</strong></span> <span class='ocrx_word' id='word_1_76' title='bbox 1191 1121 1313 1189; x_wconf 87' lang='lat' dir='ltr'><strong>Aristo-</strong></span> 
     </span>
     <span class='ocr_line' id='line_1_10' title="bbox 212 1217 1312 1316; baseline 0.005 -28"><span class='ocrx_word' id='word_1_77' title='bbox 212 1223 284 1288; x_wconf 91' lang='lat' dir='ltr'><strong>telis</strong></span> <span class='ocrx_word' id='word_1_78' title='bbox 315 1222 517 1310; x_wconf 81' lang='lat' dir='ltr'><strong>problematis</strong></span> <span class='ocrx_word' id='word_1_79' title='bbox 550 1223 685 1288; x_wconf 88' lang='lat' dir='ltr'><strong>sectione</strong></span> <span class='ocrx_word' id='word_1_80' title='bbox 711 1244 807 1289; x_wconf 81' lang='lat' dir='ltr'><strong>xxix.</strong></span> <span class='ocrx_word' id='word_1_81' title='bbox 840 1220 859 1289; x_wconf 88' lang='grc' dir='ltr'>ὁ</span> <span class='ocrx_word' id='word_1_82' title='bbox 891 1217 1130 1304; x_wconf 81' lang='grc' dir='ltr'>νομοθέτης</span> <span class='ocrx_word' id='word_1_83' title='bbox 1094 1251 1158 1316; x_wconf 86' lang='grc' dir='ltr'><strong>οοχ</strong></span> <span class='ocrx_word' id='word_1_84' title='bbox 1188 1218 1312 1293; x_wconf 74' lang='grc' dir='ltr'><strong>ἱκανους</strong></span> 
     </span>
     <span class='ocr_line' id='line_1_11' title="bbox 212 1315 1308 1457; baseline 0.001 -69"><span class='ocrx_word' id='word_1_85' title='bbox 212 1316 312 1393; x_wconf 79' lang='lat' dir='ltr'><strong>dorus</strong></span> <span class='ocrx_word' id='word_1_86' title='bbox 329 1317 532 1410; x_wconf 69' lang='grc' dir='ltr'><strong>ἡγησάμενος</strong></span> <span class='ocrx_word' id='word_1_87' title='bbox 549 1324 580 1390; x_wconf 80' lang='lat' dir='ltr'><strong>el</strong></span> <span class='ocrx_word' id='word_1_88' title='bbox 581 1350 630 1390; x_wconf 85' lang='grc' dir='ltr'><strong>ναι</strong></span> <span class='ocrx_word' id='word_1_89' title='bbox 648 1317 809 1457; x_wconf 55' lang='lat' dir='ltr'><strong>dohanas,</strong></span> <span class='ocrx_word' id='word_1_90' title='bbox 836 1318 898 1393; x_wconf 74' lang='lat' dir='ltr'><strong>‘cdv</strong></span> <span class='ocrx_word' id='word_1_91' title='bbox 915 1319 1009 1402; x_wconf 82' lang='grc' dir='ltr'><strong>νόμον</strong></span> <span class='ocrx_word' id='word_1_92' title='bbox 1032 1318 1144 1392; x_wconf 68' lang='grc' dir='ltr'><strong>αὐτοῖς</strong></span> <span class='ocrx_word' id='word_1_93' title='bbox 1161 1315 1308 1402; x_wconf 69' lang='grc' dir='ltr'>ἐπέστη·</span> 
     </span>
     <span class='ocr_line' id='line_1_12' title="bbox 212 1415 1311 1506; baseline -0.002 -17"><span class='ocrx_word' id='word_1_94' title='bbox 212 1442 280 1490; x_wconf 79' lang='grc' dir='ltr'><strong>σον</strong></span> <span class='ocrx_word' id='word_1_95' title='bbox 306 1424 386 1506; x_wconf 74' lang='lat' dir='ltr'><strong>lepis</strong></span> <span class='ocrx_word' id='word_1_96' title='bbox 402 1430 522 1489; x_wconf 84' lang='lat' dir='ltr'><strong>auctor</strong></span> <span class='ocrx_word' id='word_1_97' title='bbox 538 1445 610 1488; x_wconf 84' lang='lat' dir='ltr'><strong>cum</strong></span> <span class='ocrx_word' id='word_1_98' title='bbox 626 1425 724 1488; x_wconf 82' lang='lat' dir='ltr'><strong>sciret</strong></span> <span class='ocrx_word' id='word_1_99' title='bbox 748 1415 869 1489; x_wconf 75' lang='lat' dir='ltr'><strong>1¹illis</strong></span> <span class='ocrx_word' id='word_1_100' title='bbox 853 1445 890 1488; x_wconf 85' lang='lat' dir='ltr'><strong>m</strong></span> <span class='ocrx_word' id='word_1_101' title='bbox 908 1423 986 1488; x_wconf 80' lang='lat' dir='ltr'><strong>locis</strong></span> <span class='ocrx_word' id='word_1_102' title='bbox 1003 1423 1149 1487; x_wconf 78' lang='lat' dir='ltr'><strong>dominos</strong></span> <span class='ocrx_word' id='word_1_103' title='bbox 1163 1443 1215 1488; x_wconf 86' lang='lat' dir='ltr'><strong>res</strong></span> <span class='ocrx_word' id='word_1_104' title='bbox 1230 1443 1311 1487; x_wconf 79' lang='lat' dir='ltr'><strong>asae</strong></span> 
     </span>
     <span class='ocr_line' id='line_1_13' title="bbox 211 1520 1311 1608; baseline -0.001 -21"><span class='ocrx_word' id='word_1_105' title='bbox 211 1524 374 1588; x_wconf 80' lang='lat' dir='ltr'><strong>catatodire</strong></span> <span class='ocrx_word' id='word_1_106' title='bbox 394 1544 459 1588; x_wconf 81' lang='lat' dir='ltr'><strong>mom</strong></span> <span class='ocrx_word' id='word_1_107' title='bbox 473 1544 578 1608; x_wconf 81' lang='lat' dir='ltr'><strong>posse,</strong></span> <span class='ocrx_word' id='word_1_108' title='bbox 604 1524 766 1588; x_wconf 66' lang='lat' dir='ltr'><strong>custodem</strong></span> <span class='ocrx_word' id='word_1_109' title='bbox 791 1523 889 1607; x_wconf 69' lang='lat' dir='ltr'><strong>leyen</strong></span> <span class='ocrx_word' id='word_1_110' title='bbox 911 1523 1056 1589; x_wconf 83' lang='lat' dir='ltr'><strong>addidit.</strong></span> <span class='ocrx_word' id='word_1_111' title='bbox 1109 1520 1311 1586; x_wconf 85' lang='lat' dir='ltr'><strong>Consuetudo</strong></span> 
     </span>
     <span class='ocr_line' id='line_1_14' title="bbox 211 1619 1310 1708; baseline -0.001 -24"><span class='ocrx_word' id='word_1_112' title='bbox 211 1619 286 1685; x_wconf 87' lang='lat' dir='ltr'><strong>facti</strong></span> <span class='ocrx_word' id='word_1_113' title='bbox 303 1621 360 1687; x_wconf 91' lang='lat' dir='ltr'><strong>etsi</strong></span> <span class='ocrx_word' id='word_1_114' title='bbox 384 1620 502 1707; x_wconf 92' lang='lat' dir='ltr'><strong>aliquid</strong></span> <span class='ocrx_word' id='word_1_115' title='bbox 518 1620 658 1687; x_wconf 91' lang='lat' dir='ltr'><strong>detrahit</strong></span> <span class='ocrx_word' id='word_1_116' title='bbox 682 1620 722 1685; x_wconf 92' lang='lat' dir='ltr'><strong>de</strong></span> <span class='ocrx_word' id='word_1_117' title='bbox 739 1619 830 1708; x_wconf 89' lang='lat' dir='ltr'><strong>eulpa</strong></span> <span class='ocrx_word' id='word_1_118' title='bbox 847 1623 924 1704; x_wconf 84' lang='lat' dir='ltr'><strong>(non</strong></span> <span class='ocrx_word' id='word_1_119' title='bbox 939 1623 1013 1687; x_wconf 82' lang='lat' dir='ltr'><strong>sime</strong></span> <span class='ocrx_word' id='word_1_120' title='bbox 1034 1622 1164 1686; x_wconf 77' lang='lat' dir='ltr'><strong>ratione</strong></span> <span class='ocrx_word' id='word_1_121' title='bbox 1180 1621 1310 1686; x_wconf 79' lang='lat' dir='ltr'><strong>emtam</strong></span> 
     </span>
     <span class='ocr_line' id='line_1_15' title="bbox 47 1719 1309 1832; baseline 0.004 -53"><span class='ocrx_word' id='word_1_122' title='bbox 47 1736 131 1779; x_wconf 69' lang='grc' dir='ltr'><strong>ιιιιι.</strong></span> <span class='ocrx_word' id='word_1_123' title='bbox 139 1739 198 1789; x_wconf 77' lang='lat' dir='ltr'><strong>sea</strong></span> <span class='ocrx_word' id='word_1_124' title='bbox 210 1722 310 1800; x_wconf 83' lang='lat' dir='ltr'><strong>dedit,</strong></span> <span class='ocrx_word' id='word_1_125' title='bbox 322 1719 424 1806; x_wconf 91' lang='lat' dir='ltr'><strong>inquit</strong></span> <span class='ocrx_word' id='word_1_126' title='bbox 434 1719 561 1797; x_wconf 77' lang='lat' dir='ltr'><strong>Plinius,</strong></span> <span class='ocrx_word' id='word_1_127' title='bbox 567 1722 667 1805; x_wconf 86' lang='lat' dir='ltr'><strong>facto</strong></span> <span class='ocrx_word' id='word_1_128' title='bbox 679 1723 777 1787; x_wconf 84' lang='lat' dir='ltr'><strong>vetito</strong></span> <span class='ocrx_word' id='word_1_129' title='bbox 788 1721 927 1806; x_wconf 78' lang='lat' dir='ltr'><strong>quidem,</strong></span> <span class='ocrx_word' id='word_1_130' title='bbox 940 1742 1005 1785; x_wconf 84' lang='lat' dir='ltr'><strong>mon</strong></span> <span class='ocrx_word' id='word_1_131' title='bbox 1018 1733 1126 1787; x_wconf 82' lang='lat' dir='ltr'><strong>tamen</strong></span> <span class='ocrx_word' id='word_1_132' title='bbox 1137 1720 1309 1832; x_wconf 75' lang='lat' dir='ltr'><strong>inusitato)</strong></span> 
     </span>
     <span class='ocr_line' id='line_1_16' title="bbox 211 1817 1311 1907; baseline -0.002 -23"><span class='ocrx_word' id='word_1_133' title='bbox 211 1840 311 1905; x_wconf 83' lang='lat' dir='ltr'><strong>poenae</strong></span> <span class='ocrx_word' id='word_1_134' title='bbox 327 1827 431 1884; x_wconf 88' lang='lat' dir='ltr'><strong>tamen</strong></span> <span class='ocrx_word' id='word_1_135' title='bbox 447 1818 645 1884; x_wconf 84' lang='lat' dir='ltr'><strong>acrimoniam</strong></span> <span class='ocrx_word' id='word_1_136' title='bbox 663 1841 702 1884; x_wconf 84' lang='lat' dir='ltr'><strong>ex</strong></span> <span class='ocrx_word' id='word_1_137' title='bbox 722 1819 825 1905; x_wconf 90' lang='lat' dir='ltr'><strong>aliqua</strong></span> <span class='ocrx_word' id='word_1_138' title='bbox 841 1828 932 1905; x_wconf 90' lang='lat' dir='ltr'><strong>parte</strong></span> <span class='ocrx_word' id='word_1_139' title='bbox 947 1818 1087 1907; x_wconf 86' lang='lat' dir='ltr'><strong>flagitat.</strong></span> <span class='ocrx_word' id='word_1_140' title='bbox 1112 1817 1257 1905; x_wconf 91' lang='lat' dir='ltr'><strong>quoniam</strong></span> <span class='ocrx_word' id='word_1_141' title='bbox 1273 1825 1311 1883; x_wconf 89' lang='lat' dir='ltr'><strong>ut</strong></span> 
     </span>
     <span class='ocr_line' id='line_1_17' title="bbox 45 1916 1310 2023; baseline -0.001 -38"><span class='ocrx_word' id='word_1_142' title='bbox 45 1932 142 1975; x_wconf 70' lang='lat' dir='ltr'><strong>ltbxvt</strong></span> <span class='ocrx_word' id='word_1_143' title='bbox 117 1936 197 2023; x_wconf 66' lang='grc' dir='ltr'><strong>ιιι</strong></span> <span class='ocrx_word' id='word_1_144' title='bbox 212 1917 397 1984; x_wconf 88' lang='lat' dir='ltr'><strong>Saturninus</strong></span> <span class='ocrx_word' id='word_1_145' title='bbox 413 1916 560 2004; x_wconf 90' lang='lat' dir='ltr'><strong>loquitur,</strong></span> <span class='ocrx_word' id='word_1_146' title='bbox 575 1919 715 1983; x_wconf 73' lang='lat' dir='ltr'><strong>nimbum</strong></span> <span class='ocrx_word' id='word_1_147' title='bbox 728 1919 842 1985; x_wconf 66' lang='lat' dir='ltr'><strong>malms</strong></span> <span class='ocrx_word' id='word_1_148' title='bbox 858 1920 1092 2004; x_wconf 76' lang='lat' dir='ltr'><strong>praesentibus</strong></span> <span class='ocrx_word' id='word_1_149' title='bbox 1108 1940 1189 2004; x_wconf 81' lang='lat' dir='ltr'><strong>opas</strong></span> <span class='ocrx_word' id='word_1_150' title='bbox 1209 1939 1310 1984; x_wconf 67' lang='lat' dir='ltr'><strong>mean·</strong></span> 
     </span>
     <span class='ocr_line' id='line_1_18' title="bbox 117 1983 1309 2106; baseline -0.003 -22.755"><span class='ocrx_word' id='word_1_151' title='bbox 117 1983 265 2103; x_wconf 56' lang='lat' dir='ltr'><strong>mplo</strong></span> <span class='ocrx_word' id='word_1_152' title='bbox 281 2030 335 2085; x_wconf 87' lang='lat' dir='ltr'><strong>est.</strong></span> <span class='ocrx_word' id='word_1_153' title='bbox 367 2015 457 2082; x_wconf 88' lang='lat' dir='ltr'><strong>Sed</strong></span> <span class='ocrx_word' id='word_1_154' title='bbox 448 2039 481 2081; x_wconf 86' lang='lat' dir='ltr'><strong>ru</strong></span> <span class='ocrx_word' id='word_1_155' title='bbox 492 2015 617 2102; x_wconf 88' lang='lat' dir='ltr'><strong>judiciis</strong></span> <span class='ocrx_word' id='word_1_156' title='bbox 633 2016 733 2105; x_wconf 88' lang='lat' dir='ltr'><strong>magis</strong></span> <span class='ocrx_word' id='word_1_157' title='bbox 749 2016 862 2094; x_wconf 91' lang='lat' dir='ltr'><strong>illud,</strong></span> <span class='ocrx_word' id='word_1_158' title='bbox 853 2039 886 2082; x_wconf 92' lang='grc' dir='ltr'><strong>ιιι</strong></span> <span class='ocrx_word' id='word_1_159' title='bbox 902 2016 1024 2106; x_wconf 90' lang='lat' dir='ltr'><strong>legibus</strong></span> <span class='ocrx_word' id='word_1_160' title='bbox 1040 2016 1100 2083; x_wconf 91' lang='lat' dir='ltr'><strong>hoc</strong></span> <span class='ocrx_word' id='word_1_161' title='bbox 1115 2015 1309 2103; x_wconf 88' lang='lat' dir='ltr'><strong>sequendum</strong></span> 
     </span>
     <span class='ocr_line' id='line_1_19' title="bbox 210 2114 1309 2229; baseline 0.001 -48"><span class='ocrx_word' id='word_1_162' title='bbox 210 2124 267 2193; x_wconf 88' lang='lat' dir='ltr'><strong>est,</strong></span> <span class='ocrx_word' id='word_1_163' title='bbox 293 2114 414 2181; x_wconf 88' lang='lat' dir='ltr'><strong>ratione</strong></span> <span class='ocrx_word' id='word_1_164' title='bbox 434 2115 542 2181; x_wconf 88' lang='lat' dir='ltr'><strong>habita</strong></span> <span class='ocrx_word' id='word_1_165' title='bbox 566 2115 715 2229; x_wconf 84' lang='lat' dir='ltr'><strong>temporis</strong></span> <span class='ocrx_word' id='word_1_166' title='bbox 735 2138 797 2202; x_wconf 94' lang='lat' dir='ltr'><strong>quo</strong></span> <span class='ocrx_word' id='word_1_167' title='bbox 821 2116 908 2204; x_wconf 85' lang='lat' dir='ltr'><strong>leges</strong></span> <span class='ocrx_word' id='word_1_168' title='bbox 932 2125 989 2183; x_wconf 91' lang='lat' dir='ltr'><strong>aut</strong></span> <span class='ocrx_word' id='word_1_169' title='bbox 1006 2115 1124 2203; x_wconf 84' lang='lat' dir='ltr'><strong>judicia</strong></span> <span class='ocrx_word' id='word_1_170' title='bbox 1143 2117 1309 2182; x_wconf 80' lang='lat' dir='ltr'><strong>feruutur.</strong></span> 
     </span>
     <span class='ocr_line' id='line_1_20' title="bbox 209 2214 1309 2303; baseline 0 -23"><span class='ocrx_word' id='word_1_171' title='bbox 209 2214 283 2300; x_wconf 87' lang='lat' dir='ltr'><strong>quia</strong></span> <span class='ocrx_word' id='word_1_172' title='bbox 298 2236 401 2301; x_wconf 84' lang='lat' dir='ltr'><strong>pocnae</strong></span> <span class='ocrx_word' id='word_1_173' title='bbox 413 2214 533 2280; x_wconf 91' lang='lat' dir='ltr'><strong>utilitas</strong></span> <span class='ocrx_word' id='word_1_174' title='bbox 546 2214 644 2303; x_wconf 86' lang='lat' dir='ltr'><strong>magis</strong></span> <span class='ocrx_word' id='word_1_175' title='bbox 655 2214 689 2280; x_wconf 89' lang='lat' dir='ltr'><strong>in</strong></span> <span class='ocrx_word' id='word_1_176' title='bbox 703 2216 936 2282; x_wconf 83' lang='lat' dir='ltr'><strong>universalitate</strong></span> <span class='ocrx_word' id='word_1_177' title='bbox 948 2223 1107 2302; x_wconf 89' lang='lat' dir='ltr'><strong>spectatur</strong></span> <span class='ocrx_word' id='word_1_178' title='bbox 1119 2215 1202 2281; x_wconf 89' lang='lat' dir='ltr'><strong>circa</strong></span> <span class='ocrx_word' id='word_1_179' title='bbox 1215 2235 1309 2302; x_wconf 90' lang='lat' dir='ltr'><strong>quam</strong></span> 
     </span>
     <span class='ocr_line' id='line_1_21' title="bbox 207 2314 1218 2406; baseline 0.006 -27"><span class='ocrx_word' id='word_1_180' title='bbox 207 2322 281 2380; x_wconf 91' lang='lat' dir='ltr'><strong>sunt</strong></span> <span class='ocrx_word' id='word_1_181' title='bbox 296 2314 402 2403; x_wconf 88' lang='lat' dir='ltr'><strong>leges:</strong></span> <span class='ocrx_word' id='word_1_182' title='bbox 428 2314 519 2402; x_wconf 89' lang='lat' dir='ltr'><strong>culpa</strong></span> <span class='ocrx_word' id='word_1_183' title='bbox 534 2322 640 2380; x_wconf 87' lang='lat' dir='ltr'><strong>autem</strong></span> <span class='ocrx_word' id='word_1_184' title='bbox 657 2314 756 2402; x_wconf 88' lang='lat' dir='ltr'><strong>major</strong></span> <span class='ocrx_word' id='word_1_185' title='bbox 772 2324 829 2403; x_wconf 87' lang='lat' dir='ltr'><strong>aut</strong></span> <span class='ocrx_word' id='word_1_186' title='bbox 845 2315 947 2380; x_wconf 90' lang='lat' dir='ltr'><strong>minor</strong></span> <span class='ocrx_word' id='word_1_187' title='bbox 964 2324 1013 2382; x_wconf 88' lang='lat' dir='ltr'><strong>est</strong></span> <span class='ocrx_word' id='word_1_188' title='bbox 1029 2314 1061 2381; x_wconf 91' lang='lat' dir='ltr'><strong>in</strong></span> <span class='ocrx_word' id='word_1_189' title='bbox 1078 2314 1218 2406; x_wconf 85' lang='lat' dir='ltr'><strong>singulis.</strong></span> 
     </span>
    </p>
   </div>
   <div class='ocr_carea' id='block_1_3' title="bbox 204 2488 1310 3450">
    <p class='ocr_par' dir='ltr' id='par_1_3' title="bbox 204 2488 1310 2851">
     <span class='ocr_line' id='line_1_22' title="bbox 250 2488 1309 2551; baseline -0.003 -17"><span class='ocrx_word' id='word_1_190' title='bbox 250 2498 264 2533; x_wconf 79' lang='lat' dir='ltr'><strong>r</strong></span> <span class='ocrx_word' id='word_1_191' title='bbox 279 2489 318 2536; x_wconf 85' lang='lat' dir='ltr'><strong>De</strong></span> <span class='ocrx_word' id='word_1_192' title='bbox 328 2504 421 2550; x_wconf 75' lang='lat' dir='ltr'><strong>pescate</strong></span> <span class='ocrx_word' id='word_1_193' title='bbox 435 2504 507 2550; x_wconf 84' lang='lat' dir='ltr'><strong>quum</strong></span> <span class='ocrx_word' id='word_1_194' title='bbox 521 2489 551 2537; x_wconf 82' lang='lat' dir='ltr'><strong>de</strong></span> <span class='ocrx_word' id='word_1_195' title='bbox 565 2488 646 2551; x_wconf 83' lang='lat' dir='ltr'><strong>domo]</strong></span> <span class='ocrx_word' id='word_1_196' title='bbox 669 2490 733 2538; x_wconf 83' lang='lat' dir='ltr'><strong>Vide</strong></span> <span class='ocrx_word' id='word_1_197' title='bbox 782 2490 912 2539; x_wconf 84' lang='lat' dir='ltr'><strong>Portubus.</strong></span> <span class='ocrx_word' id='word_1_198' title='bbox 935 2488 1047 2537; x_wconf 84' lang='lat' dir='ltr'><strong>Diximus</strong></span> <span class='ocrx_word' id='word_1_199' title='bbox 1055 2489 1127 2551; x_wconf 89' lang='lat' dir='ltr'><strong>plura</strong></span> <span class='ocrx_word' id='word_1_200' title='bbox 1136 2488 1241 2536; x_wconf 77' lang='lat' dir='ltr'><strong>tolletis</strong></span> <span class='ocrx_word' id='word_1_201' title='bbox 1249 2488 1309 2537; x_wconf 84' lang='lat' dir='ltr'><strong>Gal.</strong></span> 
     </span>
     <span class='ocr_line' id='line_1_23' title="bbox 206 2564 956 2626; baseline 0.003 -15"><span class='ocrx_word' id='word_1_202' title='bbox 206 2564 378 2611; x_wconf 87' lang='lat' dir='ltr'><strong>lllaimonidem</strong></span> <span class='ocrx_word' id='word_1_203' title='bbox 389 2566 615 2613; x_wconf 73' lang='lat' dir='ltr'><strong>Directore111.4l.</strong></span> <span class='ocrx_word' id='word_1_204' title='bbox 647 2565 732 2611; x_wconf 88' lang='lat' dir='ltr'><strong>Cicero</strong></span> <span class='ocrx_word' id='word_1_205' title='bbox 781 2565 842 2613; x_wconf 89' lang='lat' dir='ltr'><strong>licis.</strong></span> <span class='ocrx_word' id='word_1_206' title='bbox 872 2565 899 2613; x_wconf 83' lang='lat' dir='ltr'><strong>J.</strong></span> <span class='ocrx_word' id='word_1_207' title='bbox 910 2564 956 2626; x_wconf 88' lang='grc' dir='ltr'><strong>Β.]</strong></span> 
     </span>
     <span class='ocr_line' id='line_1_24' title="bbox 206 2638 1309 2701; baseline 0.001 -14"><span class='ocrx_word' id='word_1_208' title='bbox 206 2654 251 2701; x_wconf 88' lang='lat' dir='ltr'><strong>pro</strong></span> <span class='ocrx_word' id='word_1_209' title='bbox 269 2642 343 2687; x_wconf 85' lang='lat' dir='ltr'><strong>Sexto</strong></span> <span class='ocrx_word' id='word_1_210' title='bbox 360 2641 448 2687; x_wconf 84' lang='lat' dir='ltr'><strong>Roscio</strong></span> <span class='ocrx_word' id='word_1_211' title='bbox 465 2640 593 2686; x_wconf 80' lang='lat' dir='ltr'><strong>Amerino:</strong></span> <span class='ocrx_word' id='word_1_212' title='bbox 613 2645 684 2699; x_wconf 74' lang='lat' dir='ltr'><strong>atque</strong></span> <span class='ocrx_word' id='word_1_213' title='bbox 703 2655 732 2686; x_wconf 86' lang='lat' dir='ltr'><strong>ea</strong></span> <span class='ocrx_word' id='word_1_214' title='bbox 826 2640 834 2675; x_wconf 86' lang='lat'><strong>¹</strong></span> <span class='ocrx_word' id='word_1_215' title='bbox 849 2641 976 2700; x_wconf 81' lang='lat' dir='ltr'><strong>Supplicia</strong></span> <span class='ocrx_word' id='word_1_216' title='bbox 990 2639 1080 2687; x_wconf 80' lang='lat' dir='ltr'><strong>meritis</strong></span> <span class='ocrx_word' id='word_1_217' title='bbox 1094 2638 1200 2699; x_wconf 80' lang='lat' dir='ltr'><strong>minora]</strong></span> <span class='ocrx_word' id='word_1_218' title='bbox 1217 2638 1309 2688; x_wconf 85' lang='lat' dir='ltr'><strong>Justiu.</strong></span> 
     </span>
     <span class='ocr_line' id='line_1_25' title="bbox 205 2713 1310 2773; baseline -0.001 -12"><span class='ocrx_word' id='word_1_219' title='bbox 205 2721 260 2761; x_wconf 80' lang='lat' dir='ltr'><strong>aunt</strong></span> <span class='ocrx_word' id='word_1_220' title='bbox 279 2715 487 2761; x_wconf 77' lang='lat' dir='ltr'><strong>animadvertmdu</strong></span> <span class='ocrx_word' id='word_1_221' title='bbox 503 2719 604 2773; x_wconf 82' lang='lat' dir='ltr'><strong>peccata</strong></span> <span class='ocrx_word' id='word_1_222' title='bbox 623 2715 732 2772; x_wconf 72' lang='lat' dir='ltr'><strong>maxime,</strong></span> <span class='ocrx_word' id='word_1_223' title='bbox 782 2728 813 2763; x_wconf 89' lang='grc' dir='ltr'><strong>ιι.</strong></span> <span class='ocrx_word' id='word_1_224' title='bbox 831 2714 927 2762; x_wconf 86' lang='lat' dir='ltr'><strong>Hunnis</strong></span> <span class='ocrx_word' id='word_1_225' title='bbox 944 2715 1056 2770; x_wconf 88' lang='lat' dir='ltr'><strong>scribens,</strong></span> <span class='ocrx_word' id='word_1_226' title='bbox 1076 2713 1206 2770; x_wconf 68' lang='grc' dir='ltr'><strong>Ῥωμαίοις</strong></span> <span class='ocrx_word' id='word_1_227' title='bbox 1225 2713 1310 2760; x_wconf 79' lang='grc' dir='ltr'><strong>ἔνεστι</strong></span> 
     </span>
     <span class='ocr_line' id='line_1_26' title="bbox 204 2787 1309 2851; baseline -0.002 -15"><span class='ocrx_word' id='word_1_228' title='bbox 204 2804 255 2850; x_wconf 74' lang='lat' dir='ltr'><strong>qne</strong></span> <span class='ocrx_word' id='word_1_229' title='bbox 266 2789 405 2851; x_wconf 80' lang='lat' dir='ltr'><strong>difficillime</strong></span> <span class='ocrx_word' id='word_1_230' title='bbox 409 2793 580 2848; x_wconf 69' lang='lat' dir='ltr'><strong>precaveatur.</strong></span> <span class='ocrx_word' id='word_1_231' title='bbox 600 2788 732 2849; x_wconf 77' lang='lat' dir='ltr'><strong>(Cup.40.)</strong></span> <span class='ocrx_word' id='word_1_232' title='bbox 782 2788 816 2849; x_wconf 73' lang='lat' dir='ltr'><strong>pri</strong></span> <span class='ocrx_word' id='word_1_233' title='bbox 834 2788 985 2837; x_wconf 75' lang='grc' dir='ltr'><strong>ἀντιτιθέναι</strong></span> <span class='ocrx_word' id='word_1_234' title='bbox 1006 2788 1053 2834; x_wconf 65' lang='lat' dir='ltr'><strong>rec</strong></span> <span class='ocrx_word' id='word_1_235' title='bbox 1069 2789 1192 2846; x_wconf 64' lang='grc' dir='ltr'><strong>τιμωρίας</strong></span> <span class='ocrx_word' id='word_1_236' title='bbox 1208 2787 1309 2847; x_wconf 76' lang='grc' dir='ltr'><strong>Ισορῤό-</strong></span> 
     </span>
    </p>

    <p class='ocr_par' dir='ltr' id='par_1_4' title="bbox 204 2861 1310 3450">
     <span class='ocr_line' id='line_1_27' title="bbox 250 2861 1310 2924; baseline 0.001 -14"><span class='ocrx_word' id='word_1_237' title='bbox 250 2864 262 2896; x_wconf 66' lang='lat' dir='ltr'><strong>h</strong></span> <span class='ocrx_word' id='word_1_238' title='bbox 277 2864 333 2910; x_wconf 83' lang='lat' dir='ltr'><strong>Illis</strong></span> <span class='ocrx_word' id='word_1_239' title='bbox 350 2865 375 2909; x_wconf 83' lang='lat' dir='ltr'><strong>im</strong></span> <span class='ocrx_word' id='word_1_240' title='bbox 390 2861 460 2922; x_wconf 83' lang='lat' dir='ltr'><strong>locis]</strong></span> <span class='ocrx_word' id='word_1_241' title='bbox 481 2864 511 2908; x_wconf 92' lang='lat' dir='ltr'><strong>lu</strong></span> <span class='ocrx_word' id='word_1_242' title='bbox 526 2863 632 2910; x_wconf 85' lang='lat' dir='ltr'><strong>balneis:</strong></span> <span class='ocrx_word' id='word_1_243' title='bbox 654 2869 732 2911; x_wconf 87' lang='lat' dir='ltr'><strong>morte</strong></span> <span class='ocrx_word' id='word_1_244' title='bbox 781 2871 908 2913; x_wconf 70' lang='grc' dir='ltr'><strong>τουοτοῐο</strong></span> <span class='ocrx_word' id='word_1_245' title='bbox 917 2863 1125 2924; x_wconf 77' lang='grc' dir='ltr'><strong>πλημμελήμοσι·</strong></span> <span class='ocrx_word' id='word_1_246' title='bbox 1135 2864 1310 2911; x_wconf 77' lang='lat' dir='ltr'><strong>Rornnnirmoe</strong></span> 
     </span>
     <span class='ocr_line' id='line_1_28' title="bbox 205 2937 1308 3001; baseline 0.001 -16"><span class='ocrx_word' id='word_1_247' title='bbox 205 2939 374 3000; x_wconf 84' lang='lat' dir='ltr'><strong>plectebantur</strong></span> <span class='ocrx_word' id='word_1_248' title='bbox 384 2938 487 2984; x_wconf 82' lang='lat' dir='ltr'><strong>Athenis</strong></span> <span class='ocrx_word' id='word_1_249' title='bbox 500 2938 565 2983; x_wconf 81' lang='lat' dir='ltr'><strong>fures</strong></span> <span class='ocrx_word' id='word_1_250' title='bbox 575 2937 696 2995; x_wconf 88' lang='lat' dir='ltr'><strong>balnearii,</strong></span> <span class='ocrx_word' id='word_1_251' title='bbox 711 2939 732 2984; x_wconf 89' lang='lat' dir='ltr'><strong>si</strong></span> <span class='ocrx_word' id='word_1_252' title='bbox 782 2940 821 2987; x_wconf 79' lang='lat' dir='ltr'><strong>hic</strong></span> <span class='ocrx_word' id='word_1_253' title='bbox 834 2945 875 2997; x_wconf 77' lang='lat' dir='ltr'><strong>cet,</strong></span> <span class='ocrx_word' id='word_1_254' title='bbox 889 2954 936 2985; x_wconf 82' lang='lat' dir='ltr'><strong>mom</strong></span> <span class='ocrx_word' id='word_1_255' title='bbox 949 2939 1060 3001; x_wconf 74' lang='lat' dir='ltr'><strong>irrepere</strong></span> <span class='ocrx_word' id='word_1_256' title='bbox 1070 2953 1155 2999; x_wconf 68' lang='lat' dir='ltr'><strong>persas</strong></span> <span class='ocrx_word' id='word_1_257' title='bbox 1164 2954 1239 2999; x_wconf 80' lang='lat' dir='ltr'><strong>pares</strong></span> <span class='ocrx_word' id='word_1_258' title='bbox 1252 2953 1308 2999; x_wconf 85' lang='lat' dir='ltr'><strong>pec-</strong></span> 
     </span>
     <span class='ocr_line' id='line_1_29' title="bbox 204 3013 1309 3078; baseline -0.004 -17"><span class='ocrx_word' id='word_1_259' title='bbox 204 3014 332 3061; x_wconf 80' lang='lat' dir='ltr'><strong>castimatio</strong></span> <span class='ocrx_word' id='word_1_260' title='bbox 348 3018 410 3060; x_wconf 86' lang='lat' dir='ltr'><strong>esset</strong></span> <span class='ocrx_word' id='word_1_261' title='bbox 422 3013 498 3074; x_wconf 89' lang='lat' dir='ltr'><strong>muj0r</strong></span> <span class='ocrx_word' id='word_1_262' title='bbox 510 3013 591 3060; x_wconf 81' lang='lat' dir='ltr'><strong>dacem</strong></span> <span class='ocrx_word' id='word_1_263' title='bbox 606 3013 732 3062; x_wconf 86' lang='lat' dir='ltr'><strong>drachmis.</strong></span> <span class='ocrx_word' id='word_1_264' title='bbox 781 3018 885 3065; x_wconf 73' lang='lat' dir='ltr'><strong>cantium</strong></span> <span class='ocrx_word' id='word_1_265' title='bbox 899 3015 990 3063; x_wconf 81' lang='lat' dir='ltr'><strong>merito.</strong></span> <span class='ocrx_word' id='word_1_266' title='bbox 1022 3016 1066 3078; x_wconf 89' lang='lat' dir='ltr'><strong>[ln</strong></span> <span class='ocrx_word' id='word_1_267' title='bbox 1080 3016 1180 3078; x_wconf 74' lang='lat' dir='ltr'><strong>Eclops&#39;a</strong></span> <span class='ocrx_word' id='word_1_268' title='bbox 1194 3017 1309 3076; x_wconf 68' lang='lat' dir='ltr'><strong>Lapatia.</strong></span> 
     </span>
     <span class='ocr_line' id='line_1_30' title="bbox 205 3088 1306 3152; baseline 0.003 -16"><span class='ocrx_word' id='word_1_269' title='bbox 205 3090 380 3136; x_wconf 83' lang='lat' dir='ltr'><strong>Demosthenes</strong></span> <span class='ocrx_word' id='word_1_270' title='bbox 390 3094 473 3135; x_wconf 81' lang='lat' dir='ltr'><strong>contra</strong></span> <span class='ocrx_word' id='word_1_271' title='bbox 483 3088 645 3136; x_wconf 69' lang='lat' dir='ltr'><strong>Timocraten.</strong></span> <span class='ocrx_word' id='word_1_272' title='bbox 659 3088 731 3135; x_wconf 83' lang='lat' dir='ltr'><strong>Addo</strong></span> <span class='ocrx_word' id='word_1_273' title='bbox 780 3106 843 3149; x_wconf 83' lang='lat' dir='ltr'><strong>mam,</strong></span> <span class='ocrx_word' id='word_1_274' title='bbox 851 3106 881 3138; x_wconf 82' lang='lat' dir='ltr'><strong>ex</strong></span> <span class='ocrx_word' id='word_1_275' title='bbox 891 3092 1025 3138; x_wconf 83' lang='lat' dir='ltr'><strong>Menandro</strong></span> <span class='ocrx_word' id='word_1_276' title='bbox 1032 3093 1181 3147; x_wconf 88' lang='lat' dir='ltr'><strong>Protectore,</strong></span> <span class='ocrx_word' id='word_1_277' title='bbox 1190 3105 1247 3152; x_wconf 80' lang='lat' dir='ltr'><strong>pag.</strong></span> <span class='ocrx_word' id='word_1_278' title='bbox 1255 3094 1306 3139; x_wconf 82' lang='lat'><strong>131.</strong></span> 
     </span>
     <span class='ocr_line' id='line_1_31' title="bbox 204 3163 1308 3225; baseline 0.002 -14"><span class='ocrx_word' id='word_1_279' title='bbox 204 3165 296 3214; x_wconf 85' lang='lat'><strong>1.1.1).</strong></span> <span class='ocrx_word' id='word_1_280' title='bbox 307 3165 336 3210; x_wconf 79' lang='lat' dir='ltr'><strong>de</strong></span> <span class='ocrx_word' id='word_1_281' title='bbox 338 3165 441 3225; x_wconf 75' lang='lat' dir='ltr'><strong>simibus</strong></span> <span class='ocrx_word' id='word_1_282' title='bbox 450 3164 588 3210; x_wconf 68' lang='lat' dir='ltr'><strong>balneariis.</strong></span> <span class='ocrx_word' id='word_1_283' title='bbox 614 3163 730 3224; x_wconf 81' lang='lat' dir='ltr'><strong>[Lexs0·</strong></span> <span class='ocrx_word' id='word_1_284' title='bbox 780 3165 959 3215; x_wconf 71' lang='lat' dir='ltr'><strong>Edlsoeeebel.</strong></span> <span class='ocrx_word' id='word_1_285' title='bbox 974 3168 1016 3214; x_wconf 91' lang='lat' dir='ltr'><strong>ubl</strong></span> <span class='ocrx_word' id='word_1_286' title='bbox 1033 3166 1146 3215; x_wconf 71' lang='lat' dir='ltr'><strong>,lustinus</strong></span> <span class='ocrx_word' id='word_1_287' title='bbox 1162 3181 1209 3214; x_wconf 93' lang='lat' dir='ltr'><strong>nou</strong></span> <span class='ocrx_word' id='word_1_288' title='bbox 1224 3167 1308 3214; x_wconf 78' lang='lat' dir='ltr'><strong>scribit</strong></span> 
     </span>
     <span class='ocr_line' id='line_1_32' title="bbox 205 3240 1308 3302; baseline -0.001 -14"><span class='ocrx_word' id='word_1_289' title='bbox 205 3242 268 3288; x_wconf 88' lang='lat' dir='ltr'><strong>lonis</strong></span> <span class='ocrx_word' id='word_1_290' title='bbox 281 3247 362 3288; x_wconf 85' lang='lat' dir='ltr'><strong>exstat</strong></span> <span class='ocrx_word' id='word_1_291' title='bbox 375 3254 433 3301; x_wconf 84' lang='lat' dir='ltr'><strong>pag.</strong></span> <span class='ocrx_word' id='word_1_292' title='bbox 445 3240 491 3288; x_wconf 73' lang='lat' dir='ltr'><strong>sto</strong></span> <span class='ocrx_word' id='word_1_293' title='bbox 501 3251 525 3286; x_wconf 87' lang='lat' dir='ltr'><strong>o.</strong></span> <span class='ocrx_word' id='word_1_294' title='bbox 543 3240 666 3286; x_wconf 87' lang='lat' dir='ltr'><strong>Orationis</strong></span> <span class='ocrx_word' id='word_1_295' title='bbox 680 3240 732 3287; x_wconf 86' lang='lat' dir='ltr'><strong>De·</strong></span> <span class='ocrx_word' id='word_1_296' title='bbox 781 3241 884 3299; x_wconf 74' lang='lat' dir='ltr'><strong>Heraia,</strong></span> <span class='ocrx_word' id='word_1_297' title='bbox 907 3244 949 3289; x_wconf 86' lang='lat' dir='ltr'><strong>sed</strong></span> <span class='ocrx_word' id='word_1_298' title='bbox 964 3256 1069 3302; x_wconf 73' lang='lat' dir='ltr'><strong>presens</strong></span> <span class='ocrx_word' id='word_1_299' title='bbox 1085 3243 1193 3302; x_wconf 89' lang='lat' dir='ltr'><strong>loquitur</strong></span> <span class='ocrx_word' id='word_1_300' title='bbox 1207 3241 1308 3301; x_wconf 82' lang='lat' dir='ltr'><strong>Legatie</strong></span> 
     </span>
     <span class='ocr_line' id='line_1_33' title="bbox 205 3315 1189 3378; baseline 0.003 -18"><span class='ocrx_word' id='word_1_301' title='bbox 205 3315 374 3361; x_wconf 79' lang='lat' dir='ltr'><strong>morthoniem:</strong></span> <span class='ocrx_word' id='word_1_302' title='bbox 389 3315 431 3360; x_wconf 89' lang='lat' dir='ltr'><strong>sed</strong></span> <span class='ocrx_word' id='word_1_303' title='bbox 445 3315 469 3360; x_wconf 91' lang='lat' dir='ltr'><strong>in</strong></span> <span class='ocrx_word' id='word_1_304' title='bbox 484 3315 526 3360; x_wconf 89' lang='lat' dir='ltr'><strong>llla</strong></span> <span class='ocrx_word' id='word_1_305' title='bbox 540 3315 621 3374; x_wconf 84' lang='lat' dir='ltr'><strong>agitur</strong></span> <span class='ocrx_word' id='word_1_306' title='bbox 635 3320 731 3362; x_wconf 85' lang='lat' dir='ltr'><strong>tantum</strong></span> <span class='ocrx_word' id='word_1_307' title='bbox 780 3316 869 3377; x_wconf 85' lang='lat' dir='ltr'><strong>Bajani</strong></span> <span class='ocrx_word' id='word_1_308' title='bbox 879 3318 953 3378; x_wconf 83' lang='lat' dir='ltr'><strong>Regis</strong></span> <span class='ocrx_word' id='word_1_309' title='bbox 963 3317 1082 3365; x_wconf 79' lang='lat' dir='ltr'><strong>Avarum.</strong></span> <span class='ocrx_word' id='word_1_310' title='bbox 1111 3316 1189 3377; x_wconf 89' lang='lat' dir='ltr'><strong>J.B.]</strong></span> 
     </span>
     <span class='ocr_line' id='line_1_34' title="bbox 206 3389 1306 3450; baseline 0.002 -15"><span class='ocrx_word' id='word_1_311' title='bbox 206 3389 275 3435; x_wconf 87' lang='lat' dir='ltr'><strong>dalis</strong></span> <span class='ocrx_word' id='word_1_312' title='bbox 288 3390 330 3449; x_wconf 89' lang='lat' dir='ltr'><strong>qui</strong></span> <span class='ocrx_word' id='word_1_313' title='bbox 344 3389 488 3435; x_wconf 81' lang='lat' dir='ltr'><strong>furabantur</strong></span> <span class='ocrx_word' id='word_1_314' title='bbox 499 3390 523 3435; x_wconf 91' lang='lat' dir='ltr'><strong>in</strong></span> <span class='ocrx_word' id='word_1_315' title='bbox 536 3390 672 3450; x_wconf 75' lang='lat' dir='ltr'><strong>Gymnasiis</strong></span> <span class='ocrx_word' id='word_1_316' title='bbox 687 3395 731 3437; x_wconf 90' lang='lat' dir='ltr'><strong>aut</strong></span> <span class='ocrx_word' id='word_1_317' title='bbox 825 3391 943 3438; x_wconf 83' lang='lat' dir='ltr'><strong>⁶Nullibi</strong></span> <span class='ocrx_word' id='word_1_318' title='bbox 965 3397 1045 3440; x_wconf 87' lang='lat' dir='ltr'><strong>exstat</strong></span> <span class='ocrx_word' id='word_1_319' title='bbox 1064 3392 1120 3439; x_wconf 89' lang='lat' dir='ltr'><strong>tulis</strong></span> <span class='ocrx_word' id='word_1_320' title='bbox 1138 3391 1259 3439; x_wconf 73' lang='lat' dir='ltr'><strong>mutantia</strong></span> <span class='ocrx_word' id='word_1_321' title='bbox 1280 3391 1306 3437; x_wconf 88' lang='lat' dir='ltr'><strong>in</strong></span> 
     </span>
    </p>
   </div>
   <div class='ocr_carea' id='block_1_4' title="bbox 203 3642 1307 4491">
    <p class='ocr_par' dir='ltr' id='par_1_5' title="bbox 203 3642 1307 4042">
     <span class='ocr_line' id='line_1_35' title="bbox 257 3642 1307 3719; baseline 0.004 -21"><span class='ocrx_word' id='word_1_322' title='bbox 257 3643 382 3698; x_wconf 85' lang='lat' dir='ltr'>XXXV.</span> <span class='ocrx_word' id='word_1_323' title='bbox 421 3642 466 3698; x_wconf 90' lang='lat' dir='ltr'><strong>On</strong></span> <span class='ocrx_word' id='word_1_324' title='bbox 484 3649 604 3699; x_wconf 87' lang='lat' dir='ltr'><strong>account</strong></span> <span class='ocrx_word' id='word_1_325' title='bbox 618 3645 652 3700; x_wconf 86' lang='lat' dir='ltr'><strong>of</strong></span> <span class='ocrx_word' id='word_1_326' title='bbox 668 3645 718 3700; x_wconf 90' lang='lat' dir='ltr'><strong>the</strong></span> <span class='ocrx_word' id='word_1_327' title='bbox 724 3646 846 3719; x_wconf 78' lang='lat' dir='ltr'><strong>fecility,</strong></span> <span class='ocrx_word' id='word_1_328' title='bbox 864 3645 913 3700; x_wconf 90' lang='lat' dir='ltr'><strong>tho</strong></span> <span class='ocrx_word' id='word_1_329' title='bbox 929 3645 1022 3699; x_wconf 88' lang='lat' dir='ltr'><strong>divine</strong></span> <span class='ocrx_word' id='word_1_330' title='bbox 1040 3645 1094 3699; x_wconf 87' lang='lat' dir='ltr'><strong>lsvv</strong></span> <span class='ocrx_word' id='word_1_331' title='bbox 1112 3645 1194 3714; x_wconf 88' lang='lat' dir='ltr'><strong>given</strong></span> <span class='ocrx_word' id='word_1_332' title='bbox 1210 3651 1240 3700; x_wconf 90' lang='lat' dir='ltr'><strong>to</strong></span> <span class='ocrx_word' id='word_1_333' title='bbox 1255 3647 1307 3702; x_wconf 91' lang='lat' dir='ltr'><strong>the</strong></span> 
     </span>
     <span class='ocr_line' id='line_1_36' title="bbox 205 3728 1307 3802; baseline 0.005 -20"><span class='ocrx_word' id='word_1_334' title='bbox 205 3728 339 3783; x_wconf 86' lang='lat' dir='ltr'><strong>Hebrews</strong></span> <span class='ocrx_word' id='word_1_335' title='bbox 357 3729 489 3800; x_wconf 89' lang='lat' dir='ltr'><strong>punishes</strong></span> <span class='ocrx_word' id='word_1_336' title='bbox 504 3746 582 3785; x_wconf 91' lang='lat' dir='ltr'><strong>more</strong></span> <span class='ocrx_word' id='word_1_337' title='bbox 605 3730 810 3802; x_wconf 60' lang='lat' dir='ltr'><strong>heuvilydheft</strong></span> <span class='ocrx_word' id='word_1_338' title='bbox 824 3732 900 3786; x_wconf 84' lang='lat' dir='ltr'><strong>from</strong></span> <span class='ocrx_word' id='word_1_339' title='bbox 918 3731 967 3785; x_wconf 90' lang='lat' dir='ltr'><strong>the</strong></span> <span class='ocrx_word' id='word_1_340' title='bbox 984 3729 1051 3785; x_wconf 88' lang='lat' dir='ltr'><strong>field</strong></span> <span class='ocrx_word' id='word_1_341' title='bbox 1070 3729 1139 3784; x_wconf 90' lang='lat' dir='ltr'><strong>than</strong></span> <span class='ocrx_word' id='word_1_342' title='bbox 1160 3729 1234 3784; x_wconf 83' lang='lat' dir='ltr'><strong>from</strong></span> <span class='ocrx_word' id='word_1_343' title='bbox 1255 3732 1307 3788; x_wconf 87' lang='lat' dir='ltr'><strong>the</strong></span> 
     </span>
     <span class='ocr_line' id='line_1_37' title="bbox 204 3813 1306 3889; baseline 0.005 -21"><span class='ocrx_word' id='word_1_344' title='bbox 204 3813 309 3879; x_wconf 82' lang='lat' dir='ltr'><strong>housc3</strong></span> <span class='ocrx_word' id='word_1_345' title='bbox 324 3815 414 3870; x_wconf 86' lang='lat' dir='ltr'><strong>Exod.</strong></span> <span class='ocrx_word' id='word_1_346' title='bbox 427 3815 490 3869; x_wconf 87' lang='lat' dir='ltr'><strong>xxii.</strong></span> <span class='ocrx_word' id='word_1_347' title='bbox 501 3821 515 3869; x_wconf 92' lang='lat' dir='ltr'><strong>l</strong></span> <span class='ocrx_word' id='word_1_348' title='bbox 528 3816 583 3869; x_wconf 91' lang='lat' dir='ltr'><strong>and</strong></span> <span class='ocrx_word' id='word_1_349' title='bbox 593 3820 618 3872; x_wconf 84' lang='lat'><strong>7.</strong></span> <span class='ocrx_word' id='word_1_350' title='bbox 648 3816 686 3871; x_wconf 87' lang='lat' dir='ltr'><strong>So</strong></span> <span class='ocrx_word' id='word_1_351' title='bbox 697 3818 791 3872; x_wconf 86' lang='lat' dir='ltr'><strong>Juetin</strong></span> <span class='ocrx_word' id='word_1_352' title='bbox 804 3834 867 3889; x_wconf 89' lang='lat' dir='ltr'><strong>says</strong></span> <span class='ocrx_word' id='word_1_353' title='bbox 878 3816 926 3871; x_wconf 92' lang='lat' dir='ltr'><strong>the</strong></span> <span class='ocrx_word' id='word_1_354' title='bbox 939 3815 1087 3886; x_wconf 81' lang='lat' dir='ltr'><strong>Scythicus</strong></span> <span class='ocrx_word' id='word_1_355' title='bbox 1099 3823 1218 3869; x_wconf 84' lang='lat' dir='ltr'><strong>account</strong></span> <span class='ocrx_word' id='word_1_356' title='bbox 1229 3817 1306 3873; x_wconf 83' lang='lat' dir='ltr'><strong>thcft</strong></span> 
     </span>
     <span class='ocr_line' id='line_1_38' title="bbox 203 3900 1306 3974; baseline 0.004 -20"><span class='ocrx_word' id='word_1_357' title='bbox 203 3917 223 3954; x_wconf 87' lang='lat' dir='ltr'><strong>a</strong></span> <span class='ocrx_word' id='word_1_358' title='bbox 233 3907 307 3955; x_wconf 93' lang='lat' dir='ltr'><strong>most</strong></span> <span class='ocrx_word' id='word_1_359' title='bbox 321 3900 438 3955; x_wconf 87' lang='lat' dir='ltr'><strong>heincus</strong></span> <span class='ocrx_word' id='word_1_360' title='bbox 450 3902 544 3966; x_wconf 86' lang='lat' dir='ltr'><strong>crime,</strong></span> <span class='ocrx_word' id='word_1_361' title='bbox 559 3902 588 3955; x_wconf 95' lang='lat' dir='ltr'><strong>in</strong></span> <span class='ocrx_word' id='word_1_362' title='bbox 603 3918 794 3974; x_wconf 86' lang='lat' dir='ltr'><strong>consequence</strong></span> <span class='ocrx_word' id='word_1_363' title='bbox 808 3903 842 3958; x_wconf 83' lang='lat' dir='ltr'><strong>of</strong></span> <span class='ocrx_word' id='word_1_364' title='bbox 852 3903 888 3957; x_wconf 91' lang='lat' dir='ltr'><strong>its</strong></span> <span class='ocrx_word' id='word_1_365' title='bbox 902 3900 1010 3973; x_wconf 85' lang='lat' dir='ltr'><strong>facility</strong></span> <span class='ocrx_word' id='word_1_366' title='bbox 1023 3917 1127 3972; x_wconf 85' lang='lat' dir='ltr'><strong>among</strong></span> <span class='ocrx_word' id='word_1_367' title='bbox 1137 3900 1211 3956; x_wconf 91' lang='lat' dir='ltr'><strong>their</strong></span> <span class='ocrx_word' id='word_1_368' title='bbox 1222 3905 1306 3958; x_wconf 90' lang='lat' dir='ltr'><strong>uniu-</strong></span> 
     </span>
     <span class='ocr_line' id='line_1_39' title="bbox 203 3986 635 4042; baseline -0.002 0"><span class='ocrx_word' id='word_1_369' title='bbox 203 3986 297 4042; x_wconf 89' lang='lat' dir='ltr'><strong>closed</strong></span> <span class='ocrx_word' id='word_1_370' title='bbox 312 3986 404 4040; x_wconf 86' lang='lat' dir='ltr'><strong>herds.</strong></span> <span class='ocrx_word' id='word_1_371' title='bbox 440 3988 478 4040; x_wconf 86' lang='lat' dir='ltr'><strong>So</strong></span> <span class='ocrx_word' id='word_1_372' title='bbox 494 3988 635 4042; x_wconf 86' lang='lat' dir='ltr'><strong>Aristotlc.</strong></span> 
     </span>
    </p>

    <p class='ocr_par' dir='ltr' id='par_1_6' title="bbox 204 4072 1305 4491">
     <span class='ocr_line' id='line_1_40' title="bbox 258 4072 1305 4144; baseline 0.003 -17"><span class='ocrx_word' id='word_1_373' title='bbox 258 4072 319 4127; x_wconf 84' lang='lat' dir='ltr'><strong>The</strong></span> <span class='ocrx_word' id='word_1_374' title='bbox 334 4082 434 4128; x_wconf 78' lang='lat' dir='ltr'><strong>autom</strong></span> <span class='ocrx_word' id='word_1_375' title='bbox 446 4072 480 4127; x_wconf 83' lang='lat' dir='ltr'><strong>of</strong></span> <span class='ocrx_word' id='word_1_376' title='bbox 487 4089 525 4126; x_wconf 90' lang='lat' dir='ltr'><strong>an</strong></span> <span class='ocrx_word' id='word_1_377' title='bbox 536 4079 590 4137; x_wconf 86' lang='lat' dir='ltr'><strong>act,</strong></span> <span class='ocrx_word' id='word_1_378' title='bbox 603 4072 711 4144; x_wconf 84' lang='lat' dir='ltr'><strong>though</strong></span> <span class='ocrx_word' id='word_1_379' title='bbox 722 4073 745 4128; x_wconf 93' lang='lat' dir='ltr'><strong>it</strong></span> <span class='ocrx_word' id='word_1_380' title='bbox 757 4072 896 4129; x_wconf 84' lang='lat' dir='ltr'><strong>subtracta</strong></span> <span class='ocrx_word' id='word_1_381' title='bbox 914 4073 1073 4144; x_wconf 83' lang='lat' dir='ltr'><strong>something</strong></span> <span class='ocrx_word' id='word_1_382' title='bbox 1083 4072 1157 4128; x_wconf 82' lang='lat' dir='ltr'><strong>from</strong></span> <span class='ocrx_word' id='word_1_383' title='bbox 1169 4073 1218 4129; x_wconf 92' lang='lat' dir='ltr'><strong>the</strong></span> <span class='ocrx_word' id='word_1_384' title='bbox 1229 4075 1305 4130; x_wconf 84' lang='lat' dir='ltr'><strong>fault</strong></span> 
     </span>
     <span class='ocr_line' id='line_1_41' title="bbox 204 4155 1305 4231; baseline 0.001 -18"><span class='ocrx_word' id='word_1_385' title='bbox 204 4155 249 4225; x_wconf 89' lang='lat' dir='ltr'><strong>(so</strong></span> <span class='ocrx_word' id='word_1_386' title='bbox 264 4157 369 4231; x_wconf 81' lang='lat' dir='ltr'><strong>Pliny),</strong></span> <span class='ocrx_word' id='word_1_387' title='bbox 386 4164 434 4230; x_wconf 88' lang='lat' dir='ltr'><strong>yet</strong></span> <span class='ocrx_word' id='word_1_388' title='bbox 452 4175 489 4213; x_wconf 93' lang='lat' dir='ltr'><strong>on</strong></span> <span class='ocrx_word' id='word_1_389' title='bbox 504 4175 558 4213; x_wconf 91' lang='lat' dir='ltr'><strong>one</strong></span> <span class='ocrx_word' id='word_1_390' title='bbox 576 4159 636 4214; x_wconf 88' lang='lat' dir='ltr'><strong>side</strong></span> <span class='ocrx_word' id='word_1_391' title='bbox 647 4160 669 4215; x_wconf 86' lang='lat' dir='ltr'><strong>it</strong></span> <span class='ocrx_word' id='word_1_392' title='bbox 685 4160 820 4215; x_wconf 89' lang='lat' dir='ltr'><strong>demands</strong></span> <span class='ocrx_word' id='word_1_393' title='bbox 835 4160 966 4231; x_wconf 84' lang='lat' dir='ltr'><strong>severity,</strong></span> <span class='ocrx_word' id='word_1_394' title='bbox 977 4166 1008 4215; x_wconf 88' lang='lat' dir='ltr'><strong>to</strong></span> <span class='ocrx_word' id='word_1_395' title='bbox 1022 4164 1098 4215; x_wconf 90' lang='lat' dir='ltr'><strong>meet</strong></span> <span class='ocrx_word' id='word_1_396' title='bbox 1117 4159 1165 4214; x_wconf 91' lang='lat' dir='ltr'><strong>the</strong></span> <span class='ocrx_word' id='word_1_397' title='bbox 1183 4160 1305 4231; x_wconf 90' lang='lat' dir='ltr'><strong>prevail·</strong></span> 
     </span>
     <span class='ocr_line' id='line_1_42' title="bbox 204 4244 1305 4317; baseline 0.002 -19"><span class='ocrx_word' id='word_1_398' title='bbox 204 4244 254 4316; x_wconf 85' lang='lat' dir='ltr'><strong>ing</strong></span> <span class='ocrx_word' id='word_1_399' title='bbox 264 4245 327 4300; x_wconf 91' lang='lat' dir='ltr'><strong>ovil.</strong></span> <span class='ocrx_word' id='word_1_400' title='bbox 361 4246 419 4299; x_wconf 91' lang='lat' dir='ltr'><strong>But</strong></span> <span class='ocrx_word' id='word_1_401' title='bbox 433 4247 462 4299; x_wconf 93' lang='lat' dir='ltr'><strong>in</strong></span> <span class='ocrx_word' id='word_1_402' title='bbox 477 4246 630 4317; x_wconf 86' lang='lat' dir='ltr'><strong>particular</strong></span> <span class='ocrx_word' id='word_1_403' title='bbox 637 4245 808 4316; x_wconf 88' lang='lat' dir='ltr'><strong>judgments,</strong></span> <span class='ocrx_word' id='word_1_404' title='bbox 816 4263 858 4301; x_wconf 86' lang='lat' dir='ltr'><strong>vre</strong></span> <span class='ocrx_word' id='word_1_405' title='bbox 870 4252 945 4301; x_wconf 88' lang='lat' dir='ltr'><strong>must</strong></span> <span class='ocrx_word' id='word_1_406' title='bbox 956 4263 1033 4301; x_wconf 88' lang='lat' dir='ltr'><strong>more</strong></span> <span class='ocrx_word' id='word_1_407' title='bbox 1047 4245 1111 4300; x_wconf 84' lang='lat' dir='ltr'><strong>leun</strong></span> <span class='ocrx_word' id='word_1_408' title='bbox 1123 4252 1154 4300; x_wconf 92' lang='lat' dir='ltr'><strong>to</strong></span> <span class='ocrx_word' id='word_1_409' title='bbox 1165 4246 1305 4317; x_wconf 87' lang='lat' dir='ltr'><strong>lenicnoy,</strong></span> 
     </span>
     <span class='ocr_line' id='line_1_43' title="bbox 204 4330 1304 4403; baseline 0.003 -19"><span class='ocrx_word' id='word_1_410' title='bbox 204 4330 235 4384; x_wconf 90' lang='lat' dir='ltr'><strong>in</strong></span> <span class='ocrx_word' id='word_1_411' title='bbox 249 4331 363 4402; x_wconf 83' lang='lat' dir='ltr'><strong>making</strong></span> <span class='ocrx_word' id='word_1_412' title='bbox 377 4332 451 4398; x_wconf 88' lang='lat' dir='ltr'><strong>lavvs,</strong></span> <span class='ocrx_word' id='word_1_413' title='bbox 464 4338 495 4387; x_wconf 92' lang='lat' dir='ltr'><strong>to</strong></span> <span class='ocrx_word' id='word_1_414' title='bbox 505 4332 625 4403; x_wconf 78' lang='lat' dir='ltr'><strong>severity</strong></span> <span class='ocrx_word' id='word_1_415' title='bbox 637 4350 645 4397; x_wconf 78' lang='lat'>3</span> <span class='ocrx_word' id='word_1_416' title='bbox 658 4332 755 4403; x_wconf 83' lang='lat' dir='ltr'><strong>taking</strong></span> <span class='ocrx_word' id='word_1_417' title='bbox 770 4338 889 4387; x_wconf 88' lang='lat' dir='ltr'><strong>account</strong></span> <span class='ocrx_word' id='word_1_418' title='bbox 898 4332 931 4387; x_wconf 84' lang='lat' dir='ltr'><strong>of</strong></span> <span class='ocrx_word' id='word_1_419' title='bbox 941 4332 990 4387; x_wconf 93' lang='lat' dir='ltr'><strong>the</strong></span> <span class='ocrx_word' id='word_1_420' title='bbox 1003 4333 1072 4387; x_wconf 91' lang='lat' dir='ltr'><strong>timo</strong></span> <span class='ocrx_word' id='word_1_421' title='bbox 1083 4331 1163 4386; x_wconf 85' lang='lat' dir='ltr'><strong>when</strong></span> <span class='ocrx_word' id='word_1_422' title='bbox 1176 4330 1225 4385; x_wconf 90' lang='lat' dir='ltr'><strong>the</strong></span> <span class='ocrx_word' id='word_1_423' title='bbox 1236 4331 1304 4387; x_wconf 81' lang='lat' dir='ltr'><strong>laus</strong></span> 
     </span>
     <span class='ocr_line' id='line_1_44' title="bbox 204 4416 1304 4491; baseline 0.001 -19"><span class='ocrx_word' id='word_1_424' title='bbox 204 4431 238 4472; x_wconf 94' lang='lat' dir='ltr'><strong>or</strong></span> <span class='ocrx_word' id='word_1_425' title='bbox 252 4416 301 4473; x_wconf 89' lang='lat' dir='ltr'><strong>tha</strong></span> <span class='ocrx_word' id='word_1_426' title='bbox 311 4417 474 4491; x_wconf 85' lang='lat' dir='ltr'><strong>judgments</strong></span> <span class='ocrx_word' id='word_1_427' title='bbox 485 4435 533 4475; x_wconf 88' lang='lat' dir='ltr'><strong>ere</strong></span> <span class='ocrx_word' id='word_1_428' title='bbox 547 4417 697 4485; x_wconf 86' lang='lat' dir='ltr'><strong>delivered,</strong></span> <span class='ocrx_word' id='word_1_429' title='bbox 710 4417 830 4475; x_wconf 87' lang='lat' dir='ltr'><strong>because</strong></span> <span class='ocrx_word' id='word_1_430' title='bbox 844 4416 894 4475; x_wconf 89' lang='lat' dir='ltr'><strong>the</strong></span> <span class='ocrx_word' id='word_1_431' title='bbox 907 4417 1003 4491; x_wconf 89' lang='lat' dir='ltr'><strong>utility</strong></span> <span class='ocrx_word' id='word_1_432' title='bbox 1016 4417 1049 4473; x_wconf 90' lang='lat' dir='ltr'><strong>of</strong></span> <span class='ocrx_word' id='word_1_433' title='bbox 1060 4416 1109 4473; x_wconf 92' lang='lat' dir='ltr'><strong>thc</strong></span> <span class='ocrx_word' id='word_1_434' title='bbox 1120 4416 1304 4490; x_wconf 87' lang='lat' dir='ltr'><strong>punishment</strong></span> 
     </span>
    </p>
   </div>
   <div class='ocr_carea' id='block_1_5' title="bbox 0 0 1422 4920">
    <p class='ocr_par' dir='ltr' id='par_1_7' title="bbox 0 0 1422 4920">
     <span class='ocr_line' id='line_1_45' title="bbox 0 0 1422 4920; baseline 0 2"><span class='ocrx_word' id='word_1_435' title='bbox 0 0 1422 4920; x_wconf 95' lang='lat' dir='ltr'><strong> </strong></span> 
     </span>
    </p>
   </div>
  </div>
 </body>
</html>
