2834 4920
136 282 204 337 Car.
219 278 300 348 XX]
577 281 629 334 DE
650 278 789 333 POENIS.
1174 270 1234 332 311

215 445 237 509 4
270 446 314 510 Ει
332 448 460 509 eatenus
480 440 665 509 sententiam
682 441 840 527 sequimur
860 438 1040 518 Innocentii,
1059 447 1092 507 et
1105 441 1235 507 aliorum
1249 446 1401 542 ffiqm,

141 543 194 631 qui
216 542 296 609 bello
316 541 407 608 aiunt
427 541 493 630 peti
517 563 608 628 posse
633 563 686 607 eos
711 541 784 627 yqui
808 540 841 605 in
866 549 1010 606 naturam
1036 541 1236 627 delinquunt:
1249 540 1397 635 i‘ffl‘gffi

139 652 248 710 contra
264 663 357 729 quam
369 641 506 707 sentiunt
521 639 670 716 Victoria,
688 639 853 726 Vasquius,
871 638 1011 715 Azorius,
1029 640 1156 718 Melina,
1172 642 1235 718 alii,
1250 631 1378 715 “i,⁹}·1‘';,²

139 742 193 828 qui
214 742 254 807 ed
272 741 425 829 justitiam
442 739 515 806 belli
535 738 696 826 requirere
720 739 876 814 videntur,
899 747 935 805 ui
958 739 1012 825 qui
1034 740 1160 826 suscipit
1181 750 1236 807 aut
1249 725 1399 856 ffi'gw'

138 841 231 907 laesus
251 839 293 906 sit
308 840 340 906 in
357 861 391 906 se
413 847 469 905 aut
482 839 641 926 republica
657 860 722 915 sna,
740 847 796 904 aut
811 845 847 904 ut
868 837 901 902 in
919 860 989 904 eum
1006 838 1059 924 qui
1075 840 1156 905 bello
1179 840 1235 904 im·
1248 862 1384 950 3132}qu

138 940 257 1027 petitur
274 937 517 1026 jurisdictionem
538 938 661 1004 hebeat.
705 938 831 1003 Ponunt
854 936 935 1002 enim
951 937 995 1001 illi
1013 937 1159 1023 puniendi
1181 958 1277 1028 po-ra

137 1047 284 1106 testatem
304 1060 371 1104 esse
386 1038 530 1104 effectum
545 1036 705 1124 proprium
724 1036 945 1123 jurisdictionis
961 1037 1067 1115 civilis,
1088 1060 1157 1104 cum
1179 1062 1236 1106 nos

138 1160 208 1204 eam
223 1138 391 1204 sentimus
402 1137 509 1204 renire
526 1136 620 1203 etiam
636 1159 676 1202 ex
687 1135 761 1223 jure
776 1135 922 1216 naturali,
939 1137 1053 1223 quade
1069 1159 1105 1203 re
1119 1138 1237 1226 aliquid

137 1237 271 1304 diximus
286 1236 358 1303 libri
373 1236 466 1324 primi
481 1235 578 1302 initio.
621 1235 666 1302 Et
682 1258 756 1302 sane
774 1235 800 1302 si
816 1236 939 1301 illorum
956 1257 976 1300 a
992 1236 1103 1322 quibus
1120 1238 1236 1305 dissen-

136 1337 231 1403 timus
245 1336 430 1403 admittatur
450 1333 613 1412 sententia,
625 1335 692 1422 jam
708 1335 806 1401 hostis
821 1334 855 1400 in
877 1336 997 1401 hostem
1020 1335 1167 1424 puniendi
1182 1338 1236 1424 jus

136 1457 199 1501 non
214 1437 350 1517 babebit,
372 1435 465 1502 etiam
482 1442 553 1523 post
563 1435 650 1521 juste
666 1437 857 1522 ¹susceptum
874 1434 989 1501 bellum
1006 1458 1046 1501 cx
1063 1459 1156 1503 causa
1172 1460 1235 1503 non

136 1535 296 1622 punitivaz
321 1535 405 1622 quod
421 1543 527 1601 mmen
541 1534 594 1621 jus
608 1534 748 1622 plerique
765 1534 938 1601 concedunt
960 1544 993 1601 et
1009 1558 1083 1602 usus
1098 1537 1234 1603 omnium

135 1634 275 1724 gentium
291 1634 462 1713 coufirmat,
484 1655 546 1700 non
567 1641 689 1701 tantum
711 1641 874 1722 postquam
891 1635 1079 1702 debellatum
1102 1645 1161 1716 est,
1179 1638 1235 1704 sed

135 1809 239 1856 Saturno
248 1809 377 1856 offerrent:
391 1823 473 1856 rerum
483 1807 571 1855 ibidem
581 1808 660 1866 docet,
708 1805 792 1854 dorum
802 1806 886 1854 Mate
899 1806 955 1854 Lib.
965 1820 994 1855 11.
1005 1823 1058 1870 cap.
1068 1811 1092 1856 4.

133 1899 224 1932 morem
243 1885 311 1932 illum
331 1886 486 1932 inhnmanum
511 1887 536 1931 et
555 1883 659 1930 ferinum
754 1881 762 1910 ¹
778 1882 834 1928 Non
851 1882 921 1941 potui
935 1897 951 1928 a
968 1897 1006 1929 me
1022 1883 1158 1945 impetrare,
1175 1885 1234 1947 quin

133 1975 229 2009 manere
237 1963 315 2009 adhuc
325 1976 368 2009 sua
377 1966 449 2008 atate
458 1961 523 2021 apud
533 1961 625 2016 Gallos,
634 1964 660 2007 et
708 1958 820 2004 adderem
835 1958 888 2003 heio
905 1971 986 2004 rocem
1003 1959 1070 2005 illam
1079 1959 1151 2020 juste,
1171 1977 1233 2023 quse,

132 2037 192 2084 elios
208 2037 314 2098 Populos
329 2037 475 2086 Occidentis.
486 2035 573 2096 Aestiq.
586 2035 658 2082 lton.
708 2045 853 2093 quemqnam
867 2031 892 2076 in
906 2032 1016 2079 omnibus
1026 2034 1088 2082 iidd.
1099 2036 1167 2093 desit,
1183 2052 1235 2083 om.

132 2112 186 2160 Lib.
199 2125 217 2159 ι.
233 2127 287 2173 cap.
297 2114 333 2159 88.
363 2111 426 2158 Vide
441 2116 467 2157 et
482 2109 586 2158 Jnnrurs
601 2109 659 2156 ca·
708 2107 765 2152 nino
776 2107 890 2152 excidisse
902 2107 960 2152 mihi
975 2108 1076 2166 ridetur,
1093 2124 1141 2155 nou
1155 2113 1234 2160 minus

131 2200 227 2243 smne,
245 2186 370 2233 Commeat.
387 2185 427 2231 De
440 2184 502 2231 Bell.
520 2183 589 2231 Gaii.
603 2183 659 2230 Lib.
708 2195 779 2241 quam
793 2181 825 2227 τὸ
835 2180 920 2239 iru‘urte
930 2183 1031 2229 vidimus
1042 2199 1122 2245 snpra,
1133 2201 1185 2248 cap.
1197 2192 1234 2238 12.

132 2260 296 2320 v1.cap.lb.
334 2259 500 2317 omnnem,
524 2257 593 2305 Orat.
608 2271 657 2318 pro
708 2254 770 2315 510.
793 2255 905 2302 Postulat
915 2257 1104 2307 additamentum
1116 2263 1234 2320 particula

131 2335 240 2390 Fonteio,
250 2349 303 2394 cap.
315 2336 351 2380 10.
381 2332 464 2394 J.B.]
707 2329 793 2400 etiosa:
812 2343 842 2375 ex
857 2334 955 2389 recepta
971 2331 1034 2376 enim
1051 2333 1167 2381 hactenns
1182 2337 1233 2384 lec-

177 2410 187 2440 ·
201 2409 286 2456 Voluit
292 2409 371 2455 dicere
376 2410 478 2465 Auctor,
483 2407 657 2468 Dionyslofla.
705 2403 772 2450 tione
783 2409 932 2464 sequeretur,
942 2406 1072 2452 mnndum
1083 2409 1233 2470 dissidentes,

131 2485 305 2532 llcarnsssensi.
340 2483 371 2529 In
386 2496 435 2543 qno
451 2486 532 2528 umen
547 2494 602 2528 sum
616 2496 657 2530 ex·
706 2478 795 2525 bellam
807 2479 895 2538 suscipi
904 2492 974 2538 posse
986 2484 1012 2526 et
1021 2495 1050 2526 ca
1062 2495 1148 2529 caussa
1158 2487 1232 2544 puni·

131 2560 189 2606 imio
206 2559 328 2605 Historico
347 2570 474 2618 perperam
493 2555 657 2604 ιωιίωοιιιιιω
704 2553 762 2610 tiva,
778 2558 803 2599 et
818 2568 847 2599 ee
863 2567 950 2599 emersa
966 2568 1012 2600 noa
1023 2558 1149 2614 psaitiea;
1167 2562 1232 2620 qnod

130 2634 280 2692 denuntiare,
296 2636 365 2693 patet
381 2646 412 2679 es
427 2631 464 2689 ils,
479 2645 533 2691 quas
544 2629 609 2678 Nois
617 2630 656 2692 ip·
704 2628 800 2675 telsnm.
830 2628 925 2674 Deinde
941 2630 1017 2689 major
1030 2636 1093 2678 esset
1106 2633 1232 2682 dubitandi

128 2711 178 2757 sius
188 2708 302 2756 Auctoris
311 2707 464 2767 subjecimus.
491 2704 520 2752 J.
528 2706 562 2753 B.
704 2702 774 2759 ratio,
799 2716 830 2748 an
852 2708 909 2762 post
931 2704 1022 2750 bellum
1042 2713 1179 2767 susceptum
1202 2724 1232 2756 ex

174 2783 184 2812 ⁹
199 2785 277 2829 Immo
292 2784 317 2828 irs
327 2780 460 2837 Barbaros,
475 2793 536 2840 qnos
551 2792 596 2840 pro
610 2793 656 2825 rsa·
704 2791 788 2822 mussa
801 2791 849 2822 non
867 2779 976 2838 punitiva
996 2781 1071 2826 hostis
1091 2782 1116 2826 in
1136 2783 1230 2831 boetem

127 2857 429 2908 monemuthenses
441 2854 529 2903 erae.
559 2854 655 2914 Inspice
704 2852 818 2912 puniendi
824 2853 866 2912 jus
875 2854 971 2912 habeat,
985 2869 1056 2915 quam
1070 2863 1126 2917 post
1141 2859 1230 2907 bellum

128 2934 208 2981 locum
225 2947 249 2993 p.
261 2933 304 2982 267
320 2945 347 2979 n.
367 2930 459 2978 ΜΗ.
469 2930 551 2990 Stepb.
581 2929 611 2977 J.
621 2930 655 2978 Β.
703 2933 840 2987 susceptum
851 2942 880 2975 ex
890 2943 974 2975 caussa
983 2933 1104 2990 punitiva:
1116 2936 1183 2994 cujus
1192 2941 1231 2982 ta.

174 3007 249 3067 thsi
260 3007 286 3053 ia
302 3010 414 3052 mass
426 3003 573 3065 delinquunt]
591 3004 654 3050 Vide
703 3016 757 3048 men
768 3003 913 3048 contrarium
923 3007 1038 3063 supponit
1047 3008 1192 3067 illudets'om,
1202 3016 1231 3058 ut

128 3079 263 3143 Josephum
274 3084 388 3128 Acestam
399 3077 429 3126 de
437 3078 599 3126 Procuranda
611 3078 654 3126 Irr-
703 3076 780 3139 quivis
786 3076 859 3125 ridet.
881 3077 1074 3128 Debuissettnnc
1081 3083 1128 3129 dici
1137 3086 1228 3146 sotum,

127 3328 191 3385 who
217 3346 267 3402 say
294 3328 357 3386 that
381 3345 440 3385 war
462 3346 528 3402 may
553 3328 592 3385 be
615 3329 698 3385 made
722 3329 832 3401 against
854 3328 936 3384 those
962 3327 1025 3384 who
1049 3329 1093 3385 sin
1117 3331 1227 3402 against

127 3423 245 3481 nature;
267 3421 399 3488 contrary
417 3420 449 3470 ιο
470 3415 520 3471 the
537 3420 630 3471 tenete
652 3415 686 3470 of
703 3416 838 3480 Victoria,
855 3414 1003 3486 Vasquius‚
1020 3414 1144 3479 Azorius,
1162 3417 1225 3473 Mo·

126 3501 193 3567 lina,
214 3501 270 3556 and
292 3501 402 3566 others3
420 3499 482 3556 who
504 3517 580 3556 seem
602 3507 633 3556 to
650 3502 770 3572 require,
796 3503 826 3556 in
844 3501 927 3556 order
949 3507 979 3555 ιο
1000 3501 1102 3574 justify
1123 3519 1141 3556 a
1162 3520 1227 3570 war,

125 3587 189 3644 that
205 3587 242 3642 be
257 3587 319 3641 who
337 3587 507 3642 undertakes
524 3587 548 3642 it
564 3585 666 3642 should
682 3587 718 3642 be
737 3586 828 3642 either
845 3586 955 3658 injured
972 3587 1002 3640 in
1019 3586 1063 3642 bis
1082 3603 1143 3641 own
1160 3606 1226 3661 per

125 3691 185 3738 son,
203 3690 236 3728 or
253 3673 283 3726 in
300 3672 350 3727 the
368 3679 487 3744 country
501 3677 532 3726 ιο
547 3670 637 3726 which
654 3671 691 3726 he
708 3672 833 3745 belongs,
851 3689 884 3727 or
900 3673 964 3727 that
981 3671 1017 3727 he
1035 3673 1137 3728 should
1153 3673 1225 3732 have

121 3758 301 3831 jurisdiction
324 3775 392 3813 over
414 3758 474 3812 him
494 3756 586 3811 whom
605 3757 642 3812 be
661 3759 778 3813 attacks.
824 3759 881 3813 For
905 3757 975 3830 they
999 3758 1066 3812 bold
1088 3759 1152 3815 that
1173 3761 1224 3815 the

124 3861 219 3917 power
237 3844 270 3899 of
285 3844 436 3916 punIsbing
456 3844 479 3898 is
497 3842 546 3898 the
566 3860 670 3915 proper
684 3844 767 3898 effect
782 3843 814 3898 ot
832 3843 903 3899 civil
923 3844 1123 3910 iurisdiction3
1141 3846 1224 3902 while

123 3948 166 3987 we
181 3931 313 3986 conceive
329 3931 392 3985 that
406 3931 429 3985 it
446 3946 539 3985 comes
550 3930 609 3985 also
629 3929 702 3983 from
713 3929 834 3983 Natural
845 3928 919 3982 Law.
955 3928 986 3983 If
1000 3929 1049 3985 the
1065 3932 1180 4003 opinion
1192 3932 1226 3987 ot

123 4016 204 4073 those
221 4018 298 4072 from
318 4017 410 4071 whom
427 4033 469 4071 we
489 4015 595 4070 distem
614 4015 650 4069 be
669 4013 815 4079 admitted,
833 4031 870 4068 an
890 4030 992 4087 enemy
1008 4014 1065 4068 will
1081 4023 1132 4071 not
1150 4016 1223 4072 have

123 4102 173 4158 the
190 4120 284 4175 power
302 4102 336 4158 of
353 4101 504 4174 punishing
524 4118 562 4156 an
580 4117 690 4170 enemy,
710 4116 781 4154 even
798 4099 872 4154 aiter
892 4117 950 4155 war
969 4100 1019 4155 has
1039 4100 1112 4154 been
1132 4101 1222 4173 justly

122 4188 225 4260 begun,
241 4189 267 4242 if
281 4190 304 4244 it
321 4190 357 4244 be
377 4188 422 4242 for
433 4186 553 4241 another
571 4203 654 4242 cause
671 4184 741 4240 than
758 4191 789 4239 ιο
807 4185 895 4240 inflict
910 4185 1107 4258 punishment:
1130 4185 1221 4241 which

121 4275 206 4345 right,
223 4274 360 4340 however,
379 4278 454 4329 most
471 4271 585 4327 authors
606 4271 738 4335 concede,
758 4271 815 4324 and
838 4271 887 4326 the
907 4288 991 4342 usage
1008 4271 1041 4324 ot
1054 4270 1093 4324 all
1108 4272 1220 4327 natione

121 4361 262 4424 confirma,
276 4367 328 4415 not
346 4361 412 4433 only
428 4359 503 4414 atter
522 4356 571 4413 tbe
594 4374 652 4412 war
669 4357 720 4411 has
737 4355 810 4411 been
831 4355 959 4421 finished‚
981 4356 1033 4411 but
1050 4372 1121 4411 even
1139 4356 1221 4413 while

119 4445 143 4503 it
161 4446 185 4502 is
207 4446 294 4518 going
310 4461 366 4512 ους
386 4445 443 4500 and
463 4442 519 4502 thie
535 4442 611 4516 right
628 4443 653 4499 is
674 4441 802 4509 claimed,
822 4448 874 4497 not
894 4442 968 4499 from
988 4458 1044 4514 any
1060 4442 1124 4501 civil
1134 4443 1220 4517 jurie-

1247 4496 1380 4638 1¹
