2834 4920
185 174 249 237 218
505 186 557 240 DE
579 183 838 240 Lnnnrlormtt
858 184 966 242 JURE.
1158 180 1231 256 [Lm.
1243 187 1283 243 11.

23 367 76 452 1νο.
79 366 136 407 nur
143 366 171 407 n
262 350 283 413 2
319 351 370 414 De
395 347 482 414 Indis
499 347 582 414 idem
608 355 717 413 narret
733 346 897 436 AElienus:
921 346 970 413 cui
991 347 1144 415 consentit
1170 350 1285 416 Strabo

22 414 110 499 ithux
91 469 141 509 vp.

21 504 65 550 iw-

25 1350 82 1389 Stob.
91 1351 171 1398 del.

27 1398 68 1436 Tit.
77 1398 107 1435 tn

24 1501 107 1541 chile

186 446 236 514 his
252 448 375 514 verbis.
403 450 508 529 Δίκην
531 441 623 516 ii
581 477 624 529 μη
646 449 726 516 εἶναι
750 443 840 527 rrhriu
861 441 968 572 φόνον
990 477 1043 517 και
1036 445 1265 564 clipeus-⁹
1228 479 1286 518 ουκ

185 544 230 616 ἐπ
231 543 362 662 αὑτοῦ
383 544 454 640 ’γὰρ
472 541 576 628 τδμῆ
594 547 713 616 παθεῖν
737 549 857 615 ταῦτα.
901 575 947 615 τα
940 540 1026 615 δ’
1011 551 1132 622 οντοῖς
1154 546 1285 633 σνμβο·

186 647 289 719 λαδθῑς
314 642 368 715 ἐπ
386 643 476 736 ail‘rlp
493 642 634 734 ἑκαστ(ι)“
659 674 701 715 ως
724 675 764 713 ΤΘ
786 642 968 738 ᾰνέχέσθαί
991 639 1112 722 (δθί,Η
1075 676 1130 715 Ga!
1147 678 1199 721 Τίς
1220 678 1283 716 πα·

187 743 343 842 ροβῇ
300 776 362 828 την
379 747 502 815 πίστιν.
543 742 632 813 ἀλλὰ
650 744 703 812 rui
719 742 901 839 προσέχειν
917 743 988 836 ὅτῳ
1004 742 1213 823 πιστευτέον,
1231 746 1285 815 uui

187 877 232 927 μη
225 818 342 915 δικῶν
359 848 508 935 πληρονν
525 874 587 924 την
604 839 712 914 πολιν·
737 847 877 911 «Iudicia
897 869 961 911 hon
983 868 1048 913 esse
1064 848 1130 912 nise
1123 846 1187 912 de
1203 849 1287 912 caede

187 959 217 1012 et
234 948 382 1030 injuria:
399 947 480 1030 quio
494 947 585 1010 homo
597 956 760 1028 proeetare
774 949 955 1029 conpescit
972 969 1012 1012 oo
1027 948 1064 1010 in
1081 967 1121 1011 eu
1137 947 1288 1010 incidat-⁴

188 1057 225 1110 at
247 1056 430 1112 contractus
455 1046 492 1108 in
514 1044 663 1126 cujusque
685 1065 750 1109 esee
766 1056 950 1130 potestate:
972 1047 1045 1110 ideo
1060 1047 1240 1130 serendum
1258 1046 1289 1110 ci

189 1146 263 1230 quis
272 1146 373 1228 ficiem
389 1144 507 1209 uiolet:
533 1156 562 1208 et
580 1154 656 1208 ante
669 1144 847 1209 videndum
864 1146 919 1209 oui
939 1145 1071 1229 quisquc
1086 1147 1208 1220 credat,
1226 1165 1291 1208 noc

189 1256 297 1310 autem
324 1244 436 1309 litibus
462 1243 662 1327 implendam
690 1243 862 1309 civitatem.
912 1243 942 1307 A
971 1243 1138 1309 Charonde
1166 1263 1290 1329 qnoque

134 1343 337 1408 &constitut
338 1363 389 1407 um
405 1340 531 1417 fuitne
547 1340 615 1427 quis
627 1339 779 1407 actionem
796 1341 929 1407 heberet
943 1341 997 1428 qui
1017 1342 1057 1407 de
1073 1342 1175 1428 pretio
1191 1341 1290 1407 habu-

24 1456 93 1495 we
104 1455 150 1494 nu
190 1442 265 1508 isset
281 1441 393 1508 fidem:
419 1440 504 1526 quod
519 1452 552 1507 et
569 1433 705 1505 ‘Plutoni
722 1439 847 1527 placuit.
893 1441 1044 1506 Notatum
1061 1449 1094 1505 et
1110 1439 1290 1506 Aristoteli.

192 1571 261 1631 παρ
288 1538 378 1610 ε’νίοις
396 1533 431 1608 δέ
449 1569 576 1609 τοντινν
597 1568 652 1609 ονκ
668 1543 731 1607 eici
754 1532 845 1617 δίκαι,
862 1535 938 1608 ἀλλ
958 1542 1084 1609 οἴονται
1108 1531 1173 1608 δεῖν
1189 1536 1290 1631 στέρ·

190 1669 266 1730 perv
291 1638 380 1708 κατὰ
409 1641 526 1709 πίστιν
551 1636 835 1728 σνναλλοίξαντας·
869 1642 961 1725 apud
986 1641 1141 1726 quosdam
1171 1643 1210 1706 dc
1239 1641 1291 1705 lu's

191 1743 285 1807 rebus
298 1742 433 1825 judicic
453 1761 517 1804 noo
532 1751 630 1806 suut:
655 1741 845 1805 eristimaut
867 1741 952 1805 enim
968 1742 1111 1805 homiues
1132 1751 1291 1805 contentos

191 1861 256 1904 csse
273 1841 384 1904 debere
400 1840 469 1923 fide
485 1861 585 1921 quam
600 1850 675 1904 eunt
691 1841 803 1903 secuti.
843 1839 887 1903 Et
902 1834 1030 1904 alibiz'
1014 1841 1147 1932 ενιαχοῦ
1164 1836 1196 1906 τ’
1211 1836 1292 1906 εἰσὶν

193 1934 294 2014 νόμοι,
318 1939 386 2005 τῶν
405 1933 559 2006 ἑκουσίων
578 1929 843 2020 σνμβολαὶιννδ
832 1966 899 2010 cruc
923 1967 969 2019 μη
961 1933 1132 2014 eluar,
1109 1967 1149 2011 ως
1172 1929 1291 2005 δέον
1266 1968 1291 2025 ῳ

192 2032 374 2106 ἐπίστευσε
403 2029 593 2117 διαλυθῆναι
624 2032 707 2127 ruptis
740 2064 864 2104 τουτον
892 2033 1090 2131 καθάπερ
1074 2033 1290 2117 εκοινῶνησεν·

192 2140 258 2203 Est
275 2138 332 2201 ubi
355 2137 436 2221 lcpce
457 2138 497 2201 dc
519 2137 660 2201 8οτοοίἰνο
674 2136 733 2218 jue
751 2137 848 2201 reddi
869 2148 987 2213 vetant,
1015 2139 1112 2223 quusi
1128 2138 1292 2222 privatim

194 2248 320 2301 tuntum
350 2256 422 2300 cum
447 2256 482 2299 eo
511 2236 672 2319 operculum
696 2237 750 2309 eit,
777 2257 849 2300 cum
873 2258 934 2321 quo
963 2239 1037 2322 quis
1062 2238 1236 2312 οονινατίν,
1263 2249 1293 2300 ct

193 2335 284 2418 mejre
298 2336 399 2418 fldem
422 2345 549 2400 secutus
567 2346 623 2399 est.
668 2333 747 2411 Quae
770 2343 878 2399 contre
899 2335 979 2399 hanc
1002 2335 1185 2399 sententium
1207 2334 1293 2399 edie-

192 2441 306 2499 runtur
329 2431 454 2518 exjure
474 2433 705 2508 Romanunm
726 2432 767 2498 ed
789 2441 911 2499 nostros
930 2433 1016 2522 leget
1017 2455 1060 2512 os,
1081 2433 1136 2499 sed
1158 2434 1201 2499 sd
1222 2454 1293 2520 pro·

193 2532 337 2598 viuciales
353 2540 409 2597 eut
425 2530 625 2617 municipales
641 2513 807 2617 pertinent.

268 2632 326 2694 XI.
374 2629 542 2709 Bellorum,
571 2650 641 2715 quse
670 2630 711 2695 ob
738 2631 819 2695 male
845 2630 968 2697 habitos
999 2632 1086 2721 leget
1087 2652 1121 2697 os
1117 2640 1294 2765 suscepte

192 2736 275 2809 sunt,
299 2730 399 2816 plense
425 2737 498 2793 sunt
526 2727 687 2815 gproi‘enee
719 2727 867 2795 historice.
918 2733 1032 2798 Exstat
1059 2723 1133 2797 et¹¹
1140 2732 1173 2797 in
1198 2731 1294 2797 sacris

238 2911 370 2973 frietoni]
390 2925 450 2960 vnn.
468 2911 497 2958 de
513 2911 625 2972 Lectius,
651 2911 721 2972 (pag.
770 2918 884 2974 excerpto
899 2914 1047 2975 legntionum
1060 2916 1111 2961 let
1121 2916 1157 2962 10.
1188 2915 1295 2975 luilly.

192 2989 246 3042 849,
257 2991 310 3036 860.
326 2989 395 3036 Tom.
407 3002 436 3037 ιι.
451 2988 501 3035 Eu
512 2986 546 3035 Η.
558 2986 653 3046 sceptu)
769 2987 818 3033 rios
828 2993 854 3034 et
863 2988 971 3049 Ligures.
1002 2988 1115 3048 Polybius
1129 2992 1243 3048 excerpto
1258 2989 1295 3034 le·

237 3064 412 3111 'Vertendnm
432 3068 491 3121 erut,
512 3063 541 3109 dc
563 3062 721 3110 contractibus
769 3065 1051 3122 gationum125et184.
1083 3064 1112 3108 ln
1124 3064 1204 3109 Iunios.
1221 3063 1294 3120 Dion,

192 3139 344 3195 retractarint,
360 3139 589 3185 ntGraecosonunt.
620 3136 721 3183 Cetero-
770 3150 821 3183 exo.
847 3137 994 3197 legationum
1019 3150 1047 3185 ιι,
1093 3138 1122 3182 In
1148 3138 1294 3184 Corinthios.

193 3216 251 3275 quin
265 3215 319 3260 vine
334 3229 388 3273 qum
403 3214 505 3259 diximus
518 3213 549 3257 nd
563 3212 720 3258 Purnunon·
769 3212 859 3268 Livius,
872 3212 989 3258 libronrn.
1004 3212 1112 3271 Epitom.
1142 3212 1171 3256 In
1184 3212 1296 3258 Tarenti-

157 3302 161 3307 ·
193 3301 260 3333 rrum
277 3294 393 3343 nostrum,
408 3287 522 3334 DeJure
535 3286 595 3333 Nat.
611 3292 632 3332 et
651 3285 718 3333 Geni.
770 3285 1295 3346 nchionysiusIlnlicerneeeenrisexeerpto

193 3360 248 3429 ¹Lib.
256 3374 282 3407 v.
293 3375 345 3420 cup.
356 3361 381 3407 ii.
392 3361 406 3420 5
417 3363 440 3408 3.
451 3366 500 3407 not
513 3365 535 3407 1.
565 3360 592 3407 J.
602 3361 634 3406 B.
770 3359 916 3418 legutionum
926 3362 949 3405 4.
962 3362 972 3418 (
977 3373 1000 3417 p.
1012 3360 1124 3415 709,710.
1139 3360 1189 3405 Eu
1205 3360 1296 3419 Oxou.)

238 3435 381 3494 tProsanoe
396 3434 512 3494 historice]
533 3435 637 3480 Romani
652 3435 683 3479 ob
695 3433 720 3478 id
769 3433 915 3479 Francorum
940 3439 965 3479 et
989 3433 1164 3479 Germanorum
1186 3435 1296 3491 exemplu

194 3510 283 3557 bellum
290 3523 415 3570 suscepere
422 3511 446 3556 in
454 3511 568 3556 Senones.
593 3509 720 3569 Appinnus
769 3507 843 3552 hebes
849 3506 913 3564 npud
922 3507 1069 3564 Aimoinum,
1076 3507 1137 3551 libro
1146 3519 1186 3551 111.
1194 3519 1246 3565 cup.
1253 3507 1295 3553 lxi.

248 3759 265 3807 2
287 3753 370 3807 Elian
386 3754 489 3810 roiates
504 3756 552 3811 the
567 3773 644 3811 seme
658 3755 739 3829 thing
753 3755 787 3812 of
803 3754 853 3811 the
867 3754 991 3808 Indicus.
1030 3752 1193 3807 Charondae
1214 3751 1299 3806 medo

194 3838 243 3894 the
254 3838 311 3893 like
321 3840 383 3894 rulo
390 3859 398 3905 ;
417 3842 474 3895 und
487 3842 570 3897 Pluto
584 3859 728 3914 approves.
753 3841 888 3897 Aristotle
900 3840 1025 3894 remarks
1037 3839 1087 3894 the
1099 3855 1183 3894 sume.
1208 3832 1296 3908 [See]

195 3925 256 3980 The
271 3933 433 3996 argumente
454 3929 563 3998 ugsinst
583 3928 639 3982 this
653 3928 729 3983 from
748 3928 797 3983 the
816 3929 928 3982 Romen
942 3927 1009 3979 Low
1024 3926 1061 3980 do
1076 3932 1127 3980 not
1142 3927 1254 3998 portnin
1269 3931 1299 3978 to

195 4010 387 4067 ombussodors
401 4012 470 4068 euch
485 4029 515 4068 us
529 4030 571 4069 we
584 4014 671 4085 spcek
686 4013 724 4079 of,
744 4014 796 4069 but
813 4018 844 4067 to
859 4012 1094 4085 representutiros
1109 4012 1142 4067 of
1153 4012 1300 4086 provinces

195 4096 252 4153 end
266 4103 364 4152 towns.

253 4182 306 4238 XI.
343 4183 424 4238 Wers
439 4185 565 4256 engaged
580 4185 609 4239 in
624 4202 661 4239 on
676 4191 795 4241 eeconnt
814 4184 847 4239 oi
861 4183 1057 4240 nmbassodors
1076 4184 1161 4255 being
1176 4184 1207 4237 iil
1222 4181 1301 4247 used,

195 4285 244 4324 ere
257 4268 345 4323 found
364 4270 394 4324 in
413 4269 452 4324 ell
469 4279 547 4342 purte
568 4271 602 4325 of
612 4271 730 4344 profane
744 4271 861 4344 history.
908 4271 974 4326 hiso
993 4262 1140 4343 scripture
1159 4270 1301 4326 mentions
