2834 4920
206 208 269 273 332
651 217 703 271 DE
725 217 863 272 POENIS.
1180 213 1253 284 [Lm.
1263 216 1302 272 11.

205 377 297 444 modo
323 378 365 444 ad
390 378 521 444 honesta
547 373 650 441 omnia
673 383 768 462 atque
797 375 839 441 ad
864 373 1069 441 exhibendam
1094 374 1306 462 superioribus

206 477 411 543 obedientiam
426 477 551 551 ducant,
575 496 633 540 nec
649 474 784 562 suspecti
807 496 874 539 asse
891 475 1006 539 debent
1022 484 1118 539 emtus
1135 475 1304 560 proborum

205 575 432 655 hominumet
454 575 508 662 qui
531 574 631 640 latere
656 595 719 638 non
740 582 887 660 quaerunt
908 572 968 638 uisi
991 582 1152 660 cogantur.
1203 575 1304 639 Recte

205 674 268 739 hue
281 682 386 761 eptem
403 674 488 761 quod
504 674 684 762 Augustum
707 672 747 738 de
763 673 786 738 J
789 672 948 738 udmorum
965 671 1168 737 conuentibus
1189 672 1305 738 dixisse

206 765 310 838 ‘Philo
328 781 567 839 commemorat:
589 794 650 836 non
666 792 719 837 eos
742 770 941 838 bacchanalia
961 791 1029 837 osse
1048 779 1104 837 aut
1125 780 1221 838 ooetus
1236 781 1306 838 tur·

206 872 319 938 bandae
335 872 413 958 paci,
431 872 486 938 sed
502 872 651 936 virtutum
673 870 801 937 scholas.

281 974 302 1036 2
338 972 400 1049 Qui
426 971 459 1036 in
478 970 557 1036 tales
576 969 719 1046 sormunt,
742 969 803 1057 ipsi
823 967 857 1033 in
875 990 914 1035 ea
935 990 1029 1035 causa
1050 977 1123 1035 sunt
1145 975 1182 1035 ut
1200 970 1311 1056 puniri

41 1073 169 1160 ΨΑ
201 1069 288 1156 juste
302 1069 429 1157 possint,
446 1069 530 1155 quod
547 1078 579 1134 et
596 1069 724 1133 Thomas
739 1068 872 1134 videtur.
915 1068 1021 1154 Atque
1038 1090 1107 1134 eam
1124 1070 1164 1134 ob
1181 1090 1306 1135 caumm

206 1173 222 1213 ¹
228 1168 448 1234 Constantinus
468 1166 595 1244 Licinio,
620 1166 831 1253 Imperatores
846 1160 918 1232 halii
934 1167 1039 1233 Persis
1060 1167 1174 1233 bellum
1194 1168 1306 1234 intule-

205 1276 300 1333 runt:
324 1287 502 1353 quanquam
518 1266 586 1332 haec
597 1265 680 1331 bella
696 1265 796 1354 magis
812 1266 854 1331 ad
870 1266 1067 1331 innocentum
1084 1265 1304 1345 defensionem,

205 1366 246 1432 de
263 1374 372 1452 quaet
393 1365 477 1430 infra
490 1386 627 1453 agemus,
646 1384 739 1449 quam
756 1365 797 1430 ad
814 1386 914 1450 pmnoe
931 1364 1123 1430 exactionem
1136 1366 1305 1452 pertinent.

274 1466 311 1530 L.
353 1467 371 1529 1
407 1463 447 1528 In
471 1485 524 1529 eos
547 1484 623 1529 vero
649 1462 703 1548 qui
720 1463 838 1528 Christi
862 1463 965 1551 legem
988 1485 1047 1550 pro
1072 1485 1148 1530 vera
1172 1465 1309 1541 habent,

204 1564 278 1630 ³sed
301 1564 341 1628 de
366 1562 550 1648 quibusdam
578 1583 649 1647 quas
673 1570 729 1627 aut
750 1570 841 1628 extm
862 1563 965 1650 legem
990 1570 1072 1638 sunt,
1097 1570 1154 1628 aut
1178 1563 1210 1627 in
1234 1563 1307 1652 lege

160 1659 162 1663 ’
204 1683 327 1728 sensum
345 1660 491 1727 videntur
508 1661 626 1726 habere
646 1660 835 1749 ambiguum,
858 1669 892 1727 et
908 1660 949 1726 ab
965 1659 1100 1746 antiquis
1122 1660 1308 1729 Christianis

203 1784 266 1825 non
281 1760 413 1826 eundem
427 1759 461 1824 in
475 1759 600 1824 modum
617 1767 691 1823 sunt
705 1759 855 1846 exposita,
871 1758 1015 1825 dubitant
1029 1768 1085 1826 aut
1099 1770 1217 1838 errant,
1233 1783 1307 1848 sup·

203 1859 301 1946 pliciis
319 1859 372 1945 qui
388 1866 579 1946 grassantur,
596 1857 758 1945 periniquo
774 1856 909 1923 iaciunt:
932 1856 1016 1943 quod
1033 1860 1201 1924 ostendunt
1217 1869 1250 1926 et
1267 1883 1307 1928 ea

203 1980 273 2043 quae
295 1967 369 2024 ante
394 1956 540 2034 diximus,
564 1966 597 2023 et
618 1949 801 2022 Judaeorum
827 1955 1002 2044 exemplum
1020 1965 1118 2023 vetus.
1160 1960 1246 2025 Nam
1271 1961 1307 2027 hi

248 2132 344 2179 ‘Pauo
360 2131 533 2192 commemorat]
554 2132 585 2179 In
601 2131 731 2192 legatione,
778 2133 906 2181 ulciscendi
920 2148 1001 2191 causa,
1015 2149 1086 2195 φιαοι
1098 2136 1189 2182 tuendoe
1202 2137 1307 2185 ecekdoe

204 2208 356 2270 (plttssdx.)
372 2207 486 2254 Similiter
500 2207 598 2253 etlibro
612 2207 642 2253 de
656 2207 730 2252 saeri-
778 2207 825 2253 etot
841 2206 944 2255 credite.
975 2208 1089 2255 Relatum
1108 2214 1145 2257 est
1164 2210 1189 2256 in
1209 2225 1306 2260 eausam

203 2283 337 2339 liuentibus,
361 2281 463 2327 facunde
484 2281 590 2327 ostendit
612 2285 729 2340 quantum
779 2293 860 2327 xxm.
871 2287 955 2341 quaest.
963 2282 998 2329 iu
1009 2285 1058 2329 eit.

204 2370 332 2418 synagogas
344 2356 590 2416 disteutspagauicis
603 2354 729 2415 mysteriis,
823 2354 835 2389 h
861 2356 913 2403 Atii
933 2356 1030 2418 Persis]
1056 2358 1120 2407 Vide
1145 2360 1306 2410 Menandrum

204 2433 335 2494 (psg.856,
350 2432 407 2492 dra)
436 2432 515 2478 Luem
527 2436 630 2490 uterque
643 2430 730 2490 dignus
779 2430 952 2479 Protectorem.

203 2508 295 2567 inspici.
328 2507 410 2553 Simile
422 2506 495 2551 habet
509 2505 571 2551 libro
583 2505 660 2550 altero
673 2517 730 2550 cou·
823 2503 835 2533 ⁸
848 2505 878 2550 ln
888 2505 950 2551 haue
959 2520 1009 2553 rem
1020 2508 1134 2556 habemns
1148 2511 1238 2571 scripta
1248 2512 1306 2571 pln-

203 2567 242 2626 tn
252 2579 391 2638 Appionem
403 2577 531 2636 losephus.
778 2578 840 2623 rime
848 2579 893 2623 sub
903 2578 975 2625 mem
989 2582 1070 2627 saeculi
1083 2583 1191 2641 proxime
1205 2590 1306 2644 praeter.

248 2663 261 2698 s
276 2654 442 2700 Constantinus
455 2651 562 2711 Licinio]
578 2652 641 2697 Vide
652 2652 730 2697 Zona·
778 2652 815 2707 iti,
831 2657 856 2697 et
869 2653 914 2698 hoc
927 2654 987 2712 ipso,
1002 2668 1050 2713 quo
1065 2656 1172 2713 vivimus,
1187 2658 1211 2703 in
1225 2659 1305 2705 lucem

203 2743 263 2778 mm.
301 2728 382 2774 Simile
402 2727 463 2772 illud
482 2726 547 2784 apud
564 2726 730 2784 Augustinum
779 2727 850 2783 edita,
865 2728 977 2787 Anglice,
992 2728 1085 2787 latius,
1101 2733 1232 2790 praesertim
1244 2733 1305 2779 Gal.

204 2804 274 2862 epist.
286 2816 310 2849 n.
339 2802 505 2848 Maximianum
518 2801 640 2860 episeopus
657 2801 731 2860 ναοί·
779 2801 833 2853 lice,
849 2805 875 2847 et
887 2801 921 2848 sic
936 2803 994 2848 satis
1009 2809 1086 2865 uote;
1100 2806 1126 2851 in
1141 2808 1235 2866 quibus,
1249 2807 1309 2854 luca

203 2876 729 2936 mauriliumpetttabImperatoreChra'e-
779 2876 909 2922 meridiana
933 2877 1027 2935 clarius,
1051 2881 1239 2928 demonstratum
1259 2889 1306 2940 est,

203 2953 269 2999 tiano
279 2957 361 2999 contra
369 2953 446 2998 hostes
455 2951 565 3005 ccclesiae,
581 2965 626 2996 non
636 2956 684 2997 tam
693 2951 733 2996 eui
779 2951 906 3010 neminem,
922 2952 1056 3014 Religionis
1065 2970 1155 3014 caussa,
1169 2957 1219 3002 ullo
1232 2959 1305 3005 modo

202 3203 356 3274 superiore:
380 3219 433 3257 nor
447 3219 496 3257 are
513 3202 674 3258 assemblies
691 3202 726 3257 of
739 3203 865 3259 wirtuous
880 3221 945 3259 men
964 3211 994 3259 to
1009 3204 1046 3259 be
1060 3204 1167 3270 foared,
1189 3205 1251 3258 who
1266 3205 1304 3260 do

202 3294 254 3342 not
273 3289 340 3342 sech
355 3293 385 3341 to
399 3294 476 3342 moet
490 3290 521 3341 in
532 3295 632 3351 secret,
646 3295 746 3358 except
760 3288 828 3359 thoy
842 3306 891 3343 ero
911 3290 1077 3360 compelled.
1123 3290 1138 3343 1
1156 3307 1220 3360 may
1235 3290 1305 3345 here

202 3373 291 3442 adopt
303 3372 376 3425 what
388 3374 529 3441 Augustus
541 3373 610 3437 said,
622 3390 652 3426 as
667 3373 803 3427 recorded
815 3374 853 3442 by
865 3374 957 3433 Philo,
971 3376 1130 3445 respecting
1140 3375 1189 3429 the
1200 3391 1305 3429 asseru-

202 3457 272 3511 blies
285 3456 318 3511 of
326 3456 374 3510 the
385 3458 474 3520 Jews3
490 3456 553 3510 thet
565 3457 631 3527 they
639 3474 712 3511 were
724 3465 775 3511 not
786 3457 986 3511 bacchanalium
998 3460 1143 3531 maetings,
1155 3476 1188 3512 or
1200 3476 1305 3514 amem·

201 3536 272 3596 biles
286 3541 332 3594 for
346 3541 504 3611 disturbing
518 3542 567 3595 the
579 3558 674 3610 peace,
688 3543 740 3596 but
751 3542 861 3595 schools
876 3542 909 3595 of
922 3543 1020 3596 virtue.

258 3632 275 3678 2
307 3626 399 3680 These
411 3625 472 3679 who
488 3632 633 3697 persecuto
648 3626 725 3689 such,
741 3643 789 3680 are
804 3626 971 3680 themselves
980 3627 1068 3697 justiy
1079 3627 1254 3697 punishable,
1273 3647 1305 3686 na

201 3710 261 3765 also
276 3710 398 3763 Thomas
413 3710 536 3780 Aquinas
552 3710 640 3764 holds.
679 3711 743 3764 And
756 3728 793 3764 on
805 3711 868 3764 that
882 3719 1009 3774 account,
1022 3711 1204 3765 Constantine
1219 3716 1305 3770 made

201 3812 258 3848 war
276 3812 312 3848 on
324 3796 455 3856 Licinius,
467 3795 522 3848 aud
538 3795 619 3849 other
631 3811 773 3865 emperors
786 3813 861 3866 upon
874 3795 923 3849 the
936 3797 1084 3861 Persiane;
1103 3796 1211 3868 though
1223 3798 1305 3855 thaso

200 3898 269 3934 wars
282 3880 384 3950 belong
396 3879 492 3933 rather
507 3886 536 3934 to
551 3880 599 3934 the
615 3879 730 3934 defense
745 3880 778 3934 of
797 3881 845 3935 tho
863 3881 1005 3945 innocent,
1020 3881 1054 3936 of
1069 3882 1159 3936 which
1174 3900 1215 3939 wo
1230 3872 1304 3939 shall

175 4034 176 4037 Ἴ
200 3965 344 4021 hereaiter
358 3965 453 4035 speuk,
466 3965 535 4019 than
550 3972 580 4019 to
593 3964 641 4020 the
656 3966 829 4020 exactiones
841 3965 1030 4038 punishment.

255 4052 289 4107 L.
328 4057 341 4104 l
377 4052 434 4104 But
451 4049 531 4104 those
554 4057 600 4103 oct
622 4057 695 4104 most
718 4052 850 4121 unjustip,
870 4051 932 4106 who
954 4059 1101 4123 persecute
1122 4055 1178 4108 and
1199 4041 1305 4125 punish

200 4137 281 4191 those
299 4134 370 4200 who,
385 4136 466 4189 while
485 4135 553 4206 they
567 4135 635 4189 hold
651 4136 699 4190 the
715 4137 766 4190 law
782 4137 815 4191 of
833 4137 971 4192 Christus
990 4145 1062 4203 true,
1083 4139 1150 4211 only
1165 4140 1254 4194 doubt
1269 4157 1303 4194 or

199 4238 247 4276 err
260 4222 430 4293 concerning
443 4238 521 4276 some
540 4221 635 4291 things
655 4221 746 4275 which
767 4239 816 4276 aro
830 4223 922 4278 either
939 4230 1106 4279 extraneous
1124 4231 1154 4280 to
1173 4224 1222 4280 the
1240 4226 1302 4291 law,

200 4321 234 4361 or
248 4309 332 4379 being
346 4309 375 4362 in
391 4307 439 4363 the
453 4308 514 4374 law,
533 4324 609 4363 seem
628 4314 658 4362 to
676 4307 747 4364 herc
766 4325 803 4362 an
821 4309 985 4381 ambiguous
999 4327 1089 4373 sense,
1111 4310 1167 4366 aud
1182 4327 1230 4366 are
1250 4317 1303 4367 not
