2834 4920
78 271 148 329 (lan.
161 268 246 339 XX]
521 274 573 329 DE
595 272 733 332 POENIS.
1121 262 1185 329 257

82 438 322 522 Demosthenes,
347 438 486 506 oratione
501 442 651 508 adversus
669 440 903 518 Aristocratem,
930 462 1120 507 communem
1137 442 1183 508 ait
1195 459 1317 509 nuere.

53 590 56 594 s
79 561 146 605 esse
163 541 265 629 legem
287 539 369 605 inter
386 539 533 618 homines,
560 551 596 607 ut
618 562 689 607 eum
706 541 760 629 qui
783 551 891 607 nostra
908 540 940 607 vi
956 540 1059 628 rapiat
1078 540 1182 607 ulcisci

77 638 168 705 nobis
191 639 240 704 sas
268 637 317 705 sit
368 641 412 705 Et
441 639 465 703 J
468 641 605 728 ugurtha
628 641 713 727 apud
744 640 932 718 Sallustium,
956 662 1025 705 cum
1054 639 1181 707 dixisset
1192 662 1304 746 &32¹⁸st

78 738 290 804 Adherbalem
309 737 382 804 ritm
404 760 468 803 suaa
488 761 554 804 esse
571 738 758 815 insidiatum,
785 740 884 816 addit,
902 740 1049 826 populum
1066 740 1180 805 Roma

77 859 152 904 num
178 860 278 921 aegere
291 861 357 924 pro
384 839 462 903 bono
483 860 586 924 aeque
604 862 670 925 pro
690 852 776 905 recto
790 843 966 925 facturum
988 842 1019 905 si
1043 841 1087 905 ah
1104 842 1181 923 jure

77 940 224 1023 gerstium
242 959 276 1003 ee
286 939 517 1024 prohibuerit:
542 937 574 1003 id
598 947 646 1004 est
662 939 703 1004 ab
725 939 851 1005 ultione.
903 937 1057 1005 Aristides
1073 948 1180 1005 orator

78 1045 113 1103 et
128 1056 149 1101 a
165 1035 274 1123 poetis,
301 1044 334 1102 et
350 1058 370 1102 a
384 1037 488 1124 logum
505 1037 692 1114 auctoribus,
718 1046 751 1104 et
767 1060 787 1104 a
802 1038 985 1123 proverbiis,
1003 1048 1035 1104 et
1053 1039 1094 1105 ab
1111 1060 1180 1104 ora-

80 1134 209 1211 toribus,
229 1143 264 1201 et
284 1133 424 1200 omnibus
448 1134 581 1222 denique
605 1136 664 1202 hoc
686 1136 732 1203 ait
750 1137 877 1224 probari
900 1133 1079 1216 ἀμύνεσθαι
1103 1136 1179 1210 τούς
1194 1158 1300 1239 θνα-ηρ

81 1229 299 1326 ὑπάρξαντας,
322 1236 476 1301 ultionem
495 1237 581 1301 sumi
602 1238 715 1303 dehis
739 1240 797 1322 qui
818 1238 977 1322 iujuriam
989 1241 1107 1324 secere
1123 1205 1323 1333 ag-ffild'n

77 1335 183 1419 gressi
198 1346 282 1403 suut.
335 1334 527 1400 blaccabaeos
543 1335 652 1401 laudat
668 1334 875 1413 'Ambrosius
894 1336 976 1423 quod
1000 1336 1094 1402 etiam
1110 1339 1179 1403 sab·
1192 1362 1269 1412 naon
1279 1362 1331 1401 aee

79 1434 154 1498 bato
178 1430 256 1498 ⁸ulti
280 1440 352 1499 sunt
380 1433 587 1499 innocentium
616 1457 721 1500 necem
747 1435 880 1501 fratrum
905 1457 1039 1501 suorum.
1091 1436 1180 1501 Idem

78 1532 230 1598 adversm
258 1533 387 1598 Judaeos
415 1532 571 1599 iucensam
598 1555 619 1600 a
646 1532 830 1599 Christianis
857 1534 1013 1599 basilicam
1039 1534 1180 1622 graviter

79 1640 246 1717 querentes
260 1631 429 1719 disputans,
447 1632 490 1698 sic
503 1632 566 1698 ait:
586 1636 637 1699 Ac
652 1646 734 1699 certe
749 1636 781 1699 si
789 1635 870 1717 jare
883 1636 1027 1719 gentium
1042 1656 1179 1718 agerem,
1192 1648 1298 1744 gagga

78 1732 220 1797 dicerem
244 1743 386 1818 quantas
410 1733 567 1798 basilicas
592 1734 704 1797 hedui
729 1745 867 1818 tempore
891 1736 1023 1819 imperii
1047 1736 1181 1799 Joliani

78 1832 305 1897 inmemor:
329 1830 384 1895 ubi
405 1823 473 1917 ''jus
494 1830 631 1919 gentium
656 1841 746 1897 vocat
767 1853 825 1917 par
842 1832 912 1917 pari
932 1832 1063 1897 referre.
1114 1834 1181 1898 Noc

79 1928 172 1995 aliter
195 1930 280 2017 apud
294 1929 436 1996 Tacitum
460 1929 584 1996 Civilis:
607 1933 768 2016 egregium
784 1934 931 2017 pretium
957 1933 1080 1998 laboris
1100 1936 1324 2022 cepissemus

78 2051 185 2095 siccem
191 2031 330 2114 fratris,
357 2031 535 2109 steinenla
550 2052 630 2107 meo,
656 2043 686 2096 et
700 2032 896 2097 soevissimas
912 2032 1007 2114 hujus
1024 2035 1182 2099 accercitus

79 2150 180 2208 voces,
211 2131 328 2214 quibus
351 2130 399 2194 ad
423 2130 623 2215 comiciam
643 2133 769 2216 peritus
787 2130 865 2213 jure
891 2133 1037 2216 gentium
1063 2154 1182 2218 peenas

79 2249 218 2314 reposco.

153 2328 177 2391 4
212 2324 275 2393 Sed
292 2324 365 2413 quia
380 2325 413 2391 iu
430 2326 523 2392 rebus
540 2326 653 2393 nostris
670 2336 703 2394 et
720 2334 896 2394 nostrorum
914 2327 1028 2395 affectu
1044 2351 1181 2395 corrum-

79 2424 192 2514 pimur,
207 2423 278 2491 ideo
294 2425 384 2491 simul
406 2426 512 2491 multae
527 2425 651 2491 familiae
672 2426 705 2491 in
722 2447 816 2492 unum
842 2427 941 2492 locum
959 2438 1179 2506 convenerunt,

75 2525 198 2612 judices
221 2522 388 2602 constituti,
410 2524 509 2591 ethis
533 2525 606 2591 solis
630 2526 706 2592 data
722 2533 859 2612 potestas
879 2524 1056 2591 vindicandi
1080 2526 1179 2605 laesos,

123 2703 135 2729 ⁸
147 2692 297 2756 Ambrosius]
312 2693 421 2741 Eundem
431 2694 485 2741 ride
497 2693 605 2742 oratione
655 2699 740 2742 morte.

79 2773 165 2816 contu
173 2770 348 2830 Symmachum.
701 2764 1181 2831 meqenrtameoeatparpartreserre]

124 2852 136 2878 ⁸
154 2844 207 2891 me
220 2849 273 2891 emt
289 2846 442 2892 innocentium
458 2859 535 2891 necess
543 2844 604 2905 sra-
656 2846 696 2892 Sic
706 2851 731 2893 et
741 2846 825 2892 Livius
833 2847 896 2893 libro
903 2860 920 2894 ι.
929 2861 981 2893 cura
991 2845 1182 2904 Laurentesjure

79 2923 143 2965 tm
155 2918 260 2980 um]
276 2920 338 2968 Vide
351 2920 484 2980 Josepbnm
495 2920 606 2980 Antiqua
655 2921 757 2981 gentium
767 2927 869 2981 agerent,
885 2922 921 2981 (c.
932 2920 985 2978 14.)

80 2994 195 3042 Historia
206 3008 267 3041 xm.
277 2998 301 3042 1.
317 2996 347 3042 de
357 2995 479 3042 vindicata
488 2995 606 3042 Johsuuis

80 3246 142 3303 said
154 3243 251 3317 (Judg.
268 3262 312 3300 xv.
329 3244 369 3311 3),
379 3246 449 3300 Now
468 3246 539 3299 shall
559 3245 580 3298 I
599 3246 627 3300 be
644 3262 717 3299 more
734 3244 866 3299 blcmcless
886 3243 952 3296 than
970 3241 1011 3297 tho
1028 3241 1182 3298 Philistihes

81 3333 180 3402 though
204 3332 225 3385 Ι
242 3333 277 3387 do
303 3333 371 3386 them
392 3349 411 3385 o
432 3332 603 3402 dispensare,
626 3331 700 3385 aster
722 3330 790 3402 they
811 3329 869 3384 had
891 3328 1002 3397 iujured
1019 3327 1095 3393 him;
1124 3329 1182 3383 aud

80 3418 173 3488 again,
186 3434 214 3473 v.
231 3423 274 3481 11,
287 3415 328 3472 As
342 3419 401 3488 they
415 3418 464 3471 did
482 3427 547 3471 uoto
561 3435 602 3471 mc
615 3436 644 3472 so
660 3418 724 3471 haue
740 3418 761 3469 Ι
777 3418 844 3471 done
866 3424 931 3469 anto
949 3416 1026 3471 them.
1072 3415 1111 3469 So
1132 3414 1182 3469 tho

81 3503 222 3558 Platoeans
241 3503 273 3556 in
284 3502 463 3574 Thucydides
480 3503 549 3558 said.
595 3503 633 3557 So
648 3501 853 3557 Demosthenes
865 3501 974 3571 against
985 3501 1179 3555 Aristocratoe.

82 3588 121 3643 So
135 3588 278 3659 Jugurtha
292 3589 321 3643 iu
334 3588 440 3643 Sallust
453 3590 561 3659 against
576 3586 727 3642 Adherbal.
752 3587 888 3641 Aristides
903 3585 952 3641 tho
967 3592 1063 3641 orator
1081 3602 1181 3656 proves

80 3672 156 3728 from
171 3673 220 3729 the
231 3680 322 3746 poeta,
339 3675 503 3746 legislatore,
520 3678 637 3736 oratore,
657 3673 714 3727 and
731 3672 806 3729 from
826 3672 967 3744 proverbe,
989 3670 1038 3727 the
1057 3671 1134 3741 right
1152 3671 1185 3728 of

80 3759 179 3831 taking
198 3775 320 3831 rcrenge
338 3775 376 3815 ou
390 3758 470 3815 those
486 3758 547 3812 who
570 3758 674 3813 attach.
720 3757 856 3813 Ambrose
877 3758 982 3829 praises
999 3756 1049 3812 the
1070 3757 1181 3812 blacca-

80 3842 158 3910 bees,
171 3842 243 3910 who,
257 3861 328 3902 even
337 3861 374 3901 on
389 3843 439 3900 the
453 3843 649 3915 sabbath-day,
663 3845 789 3914 avenged
800 3843 850 3898 the
865 3843 950 3898 death
967 3842 1001 3897 of
1011 3841 1086 3897 their
1100 3842 1182 3897 inno-

80 3934 147 3985 cent
158 3929 304 3986 brethrcn.
332 3930 396 3986 And
408 3928 446 3985 ho
458 3936 515 3995 too,
526 3931 645 4001 arguing
658 3930 767 4000 sguinst
778 3929 827 3984 tho
840 3930 914 3984 Jews
926 3927 989 3983 who
1004 3928 1181 3999 comploinod

80 4014 115 4071 of
124 4015 201 4071 their
214 4033 374 4088 synagogue
385 4032 416 4071 ss
430 4015 533 4087 haring
553 4016 626 4071 been
640 4015 727 4068 burnt
739 4014 776 4085 by
790 4014 839 4069 tho
854 4014 1017 4079 Christianis,
1031 4030 1103 4086 says,
1118 4014 1157 4083 Is
1164 4013 1185 4066 Ι

80 4110 151 4157 went
167 4120 242 4174 upon
261 4104 302 4157 the
317 4103 371 4157 low
385 4105 422 4172 os
432 4103 548 4165 actions,
558 4102 580 4155 I
589 4101 686 4156 should
700 4117 749 4171 say
765 4102 822 4154 how
836 4118 921 4172 many
936 4099 1075 4155 Christian
1093 4101 1182 4153 houses

80 4188 118 4258 cs
129 4189 246 4258 worship
267 4190 308 4242 the
326 4188 397 4242 Jews
416 4189 498 4242 burst
520 4196 550 4240 at
574 4188 614 4241 the
633 4187 695 4240 time
714 4187 751 4255 os
765 4186 879 4239 Julian.-
900 4184 993 4239 where
1013 4183 1062 4238 the
1080 4184 1132 4237 law
1152 4182 1185 4236 of

79 4273 193 4329 natione
213 4279 243 4329 to
262 4273 353 4330 which
377 4273 415 4329 he
433 4273 522 4328 refers
542 4274 574 4338 is,
592 4272 739 4342 retuming
758 4271 815 4327 like
830 4271 876 4325 for
890 4270 955 4325 like.
994 4270 1033 4323 So
1046 4269 1140 4323 civilis
1152 4269 1183 4323 iu

80 4358 204 4415 Tacitus.

140 4450 158 4497 4
183 4444 243 4499 But
255 4442 375 4501 because
387 4445 417 4499 in
428 4442 523 4517 things
534 4442 625 4498 which
636 4456 757 4499 concern
768 4458 800 4497 us
812 4440 869 4495 and
881 4456 954 4504 oum,
968 4455 1010 4493 uo
1022 4455 1070 4493 ore
1082 4437 1184 4493 mislcd

1039 4538 1081 4607 17

186 4590 305 4679 [osor.
321 4592 372 4679 11.]
