2834 4920
218 247 281 310 138
427 255 480 310 DE
501 254 720 310 reaumaus
743 252 792 309 Ac
815 253 1107 310 SPONSIONIBUS.
1194 250 1267 321 [hus
1279 254 1318 308 11.

216 415 393 483 hominibus
406 438 567 483 commune
581 422 638 495 cst,
656 423 692 484 nt
713 416 888 506 Religionis
902 417 1067 485 discrimen
1080 439 1144 483 non
1163 416 1318 484 admittat.

218 515 282 582 Sed
299 515 372 581 de
359 537 432 600 jure
452 515 558 582 divino
583 517 744 603 quaeritur,
766 538 806 582 ex
828 539 890 603 qno
915 518 997 583 hanc
1021 517 1223 603 quoestionem
1239 527 1320 583 trac

52 642 180 689 nauem
216 609 313 682 tant¹
317 635 380 679 non
399 614 551 703 Theologi
572 624 702 692 tantum,
725 615 781 682 sed
805 625 838 683 et
854 615 1150 682 Juriseonsultorum
1167 616 1317 693 nonnulli,

52 691 111 773 till:
117 671 202 818 biiii.
217 713 300 780 inter
317 734 395 799 quos
413 714 571 780 Oldradus
587 724 620 781 et
636 714 802 781 Decianus.

52 779 177 868 mam
291 815 349 879 IX.
398 815 417 878 1
451 812 620 879 Videamus
643 812 777 901 primum
802 814 873 881 de
859 837 933 900 jure
955 814 1060 882 dirino
1085 814 1195 891 veteri,
1218 813 1320 880 acturi

216 912 329 978 deinde
355 912 395 978 de
421 933 511 977 novo.
562 912 676 990 Fedus,
700 934 763 978 non
787 913 918 979 nocendi
943 935 1044 991 musa,
1071 935 1141 979 cum
1169 912 1277 980 ahenis
1298 935 1320 978 a

216 1011 381 1100 Religione
397 1010 584 1076 contrahere
599 1019 673 1077 ante
690 1011 787 1077 Musis
803 1012 904 1101 legem
921 1013 1019 1079 licuit.
1066 1012 1256 1100 Exemplum
1270 1020 1319 1078 est

53 1108 248 1177 cosmidin
276 1109 384 1176 federe
408 1109 520 1176 Jacohi
546 1131 616 1175 oum
643 1110 790 1178 Labane:
816 1119 852 1177 ut
871 1110 938 1198 jam
964 1113 1004 1177 de
1034 1111 1213 1178 Abimeleco
1241 1110 1319 1177 nihil

51 1229 204 1317 ganeas
217 1208 326 1286 dicam,
360 1208 485 1297 quando
517 1230 580 1275 non
618 1209 695 1276 satis
728 1217 851 1276 constat
880 1232 951 1276 eum
983 1209 1078 1277 fuisse
1110 1211 1316 1277 idololatram.

216 1308 328 1395 Neque
360 1309 393 1375 id
428 1309 480 1374 lex
516 1330 575 1395 per
604 1309 724 1374 Mosem
762 1308 837 1375 data
876 1309 1017 1376 mutmit.
1069 1310 1223 1396 Exemplo
1254 1309 1318 1374 sint

51 1408 375 1497 manuafflgypffi,
392 1407 476 1474 haud
503 1407 597 1474 dubie
622 1415 696 1473 tunc
720 1407 903 1474 idololatrae.
955 1410 1024 1474 Hos
1046 1415 1151 1474 tamen
1176 1408 1318 1475 aversari

216 1516 365 1574 vetantur
383 1505 524 1574 Hebraei.
572 1507 755 1594 Excipiendi
777 1517 851 1573 sunt
864 1507 971 1596 populi
988 1516 1107 1595 septem
1127 1507 1233 1575 divina
1249 1529 1317 1573 sen-

215 1606 314 1672 tentia
343 1606 491 1683 damnati,
526 1606 614 1693 cujus
645 1605 808 1673 sententiae
843 1616 1025 1673 executores
1057 1615 1148 1673 erant
1180 1605 1317 1694 delegati

49 1723 122 1817 ἢ
121 1721 157 1761 vit
166 1722 184 1769 1.
215 1705 387 1784 lsraiilitae3
414 1728 485 1772 nam
512 1705 562 1771 his
588 1705 621 1771 in
647 1705 823 1772 idololatria
845 1706 1066 1793 perstantibus,
1092 1715 1125 1772 et
1152 1704 1316 1791 imperium

122 1795 127 1806 '
215 1804 469 1881 detrectantibus,
487 1825 617 1891 parcere
633 1812 789 1882 vetantur,
808 1804 920 1891 quibus
945 1804 1053 1870 itidem
1068 1805 1194 1870 decreto
1211 1803 1316 1869 divino

47 1928 160 2015 paam
116 1928 201 1976 ιιι,
214 1902 314 1969 additi
328 1912 400 1969 sunt
416 1902 606 1969 Amalecitae.

74 1983 127 2025 Μ’
291 2002 470 2068 2Federa
495 2023 617 2089 quoque
644 2002 907 2081 commerciorum,
925 2012 959 2070 et
980 2023 1050 2089 quae
1071 2002 1122 2069 his
1140 2000 1251 2068 similia
1273 2002 1315 2067 ad

214 2100 380 2168 utilitatem
396 2122 598 2180 communem,
617 2110 674 2168 aut
697 2102 826 2168 alterius
847 2103 947 2190 partis
963 2101 1133 2190 pertinent,
1149 2101 1229 2167 inire
1245 2124 1314 2167 cum

213 2200 352 2287 profanis
374 2200 447 2267 licet
467 2222 525 2287 per
549 2199 671 2290 legem:
694 2201 772 2266 nihil
798 2201 879 2266 enim
904 2202 1063 2290 reperitur
1091 2201 1174 2288 quod
1201 2202 1313 2267 obstet

48 2325 122 2366 ιιιιι
132 2324 190 2364 ιιι.
213 2300 256 2365 Iit
283 2300 427 2386 exempla
456 2300 606 2366 habemus
631 2299 783 2377 foderum,
811 2323 882 2388 quae
910 2300 1014 2368 David
1040 2308 1074 2367 et
1099 2300 1223 2367 Solomo
1246 2323 1315 2365 cum

213 2398 345 2464 Hiromo
366 2399 535 2488 Tyriorum
559 2421 636 2488 rege
657 2398 819 2466 fecerunt:
844 2421 881 2466 ac
903 2400 1073 2467 notandum
1093 2398 1127 2466 in
1148 2422 1238 2466 sacra
1251 2399 1313 2465 his-

48 2510 145 2559 luo-v·
155 2509 183 2548 ¹2
212 2497 295 2563 toria
311 2496 372 2564 dici
388 2499 478 2564 fedus
492 2497 551 2563 hoc
567 2519 588 2562 a
604 2498 768 2565 Solomone
784 2498 899 2566 fectum
911 2499 1007 2586 juxta
1023 2498 1206 2587 sapientiam
1220 2520 1315 2586 quam

213 2596 345 2662 Deus
319 2620 348 2662 ιι
365 2596 504 2663 dederat.

47 2723 137 2811 unffi
128 2725 186 2770 ιιι,
288 2699 310 2760 3
344 2697 411 2760 Len
429 2695 553 2781 quidem
570 2694 667 2760 Mosis
681 2694 1002 2784 specialiterimperat
1015 2694 1199 2760 benefacere
1215 2714 1314 2782 popu-

47 2771 137 2856 pauc
146 2771 500 2884 χιιι1ιιῐῑιιιι,α·)ιιιιιᾷν
524 2822 587 2862 τον
605 2788 762 2874 πλήσιον·
785 2801 943 2881 praeterea
968 2792 1131 2882 peculiaris
1158 2792 1258 2859 victus
1281 2801 1314 2859 et

212 2916 333 2959 morum
359 2903 411 2960 rat
411 2893 441 2959 io
397 2893 495 2960 J
498 2892 593 2959 udaers
619 2893 804 2981 praescripta
829 2892 1013 2960 familiarem
1040 2914 1110 2958 cum
1139 2890 1314 2958 hominibus

212 2992 323 3059 ceteris
346 2992 651 3059 consuetudinem
622 3015 677 3058 mx
700 2992 889 3080 patiebatur.
933 2993 979 3059 At
999 2991 1071 3058 hinc
1094 3014 1157 3058 non
1173 2992 1314 3078 sequitur

210 3102 266 3159 aut
285 3093 466 3160 benefacere
491 3091 649 3158 extraneis
671 3114 733 3157 non
758 3092 889 3170 licuisse,
906 3101 963 3158 aut
987 3091 1081 3158 otiam
1101 3091 1257 3158 laudabile
1281 3091 1315 3156 id

210 3214 273 3257 non
299 3214 376 3270 csse,
402 3192 485 3279 quod
511 3192 592 3258 male
616 3191 688 3257 inde
711 3191 836 3282 collegit
860 3191 1067 3281 posteriorum
1092 3191 1313 3282 magistrorum

209 3366 216 3400 ¹
236 3367 294 3415 Non
312 3368 425 3427 Theoioqi
441 3365 543 3427 εαιιιιιιιι]
565 3367 629 3414 Puta
638 3367 786 3422 Antoninus,
796 3367 933 3427 Gajetanns,
944 3365 1053 3420 Toletns,
1070 3364 1169 3421 Molina
1179 3363 1313 3422 Valdedus,

682 3442 813 3489 undem

209 3675 340 3713 common
353 3667 383 3714 to
395 3659 433 3713 all
445 3673 511 3714 men
525 3657 588 3713 that
602 3658 626 3713 it
640 3657 799 3728 recognitas
813 3673 851 3712 no
866 3656 1030 3712 distinction
1039 3654 1073 3709 of
1081 3653 1221 3724 Religion.
1254 3652 1313 3706 But

209 3744 258 3800 the
275 3747 404 3815 question
419 3745 442 3799 is
454 3750 506 3814 put
518 3760 556 3799 on
568 3743 618 3799 the
632 3743 743 3815 mound
757 3743 791 3798 of
802 3742 853 3799 the
867 3742 969 3798 Divino
983 3743 1059 3805 Lar,
1074 3739 1131 3794 and
1145 3754 1177 3794 so
1191 3736 1312 3802 treated,

209 3835 260 3885 not
278 3831 344 3902 only
355 3831 393 3902 by
405 3830 592 3902 Theologians
607 3829 659 3885 but
669 3829 826 3900 byJurists,
838 3828 896 3884 and
906 3843 1010 3898 among
1021 3825 1109 3890 them,
1119 3825 1159 3898 by
1170 3823 1311 3879 Oldradus

208 3916 264 3970 and
277 3916 426 3971 Decianus.

266 4001 320 4056 IX.
367 4009 381 4056 1
412 4001 487 4056 First
501 4000 534 4055 of
549 4001 652 4056 Divino
672 4001 747 4055 Lan.
792 4000 846 4055 We
861 3999 933 4054 hare
950 3998 1092 4069 exemplos
1110 3996 1143 4051 of
1160 4000 1312 4051 coronante

207 4087 254 4143 for
271 4087 380 4142 mutual
395 4086 588 4153 forbearance,
609 4085 677 4141 with
694 4091 835 4157 strangers
852 4092 883 4141 to
902 4092 965 4140 true
983 4084 1123 4155 Religion,
1143 4081 1242 4136 before
1262 4080 1312 4135 the

207 4174 261 4228 latr
289 4175 323 4227 of
336 4174 438 4238 Moses,
464 4190 494 4228 as
517 4173 607 4228 Jacob
627 4171 695 4227 with
716 4172 823 4237 Laban,
844 4177 894 4226 not
915 4177 945 4227 to
970 4171 1057 4242 speak
1081 4169 1114 4223 of
1135 4167 1308 4221 abimelech.

208 4258 270 4315 The
284 4259 337 4313 law
352 4259 385 4314 of
396 4260 489 4314 Moses
504 4259 552 4313 did
567 4265 619 4314 not
630 4258 738 4330 change
750 4257 822 4313 this:
845 4257 892 4312 for
904 4256 1040 4329 example,
1054 4254 1104 4311 the
1116 4253 1250 4310 Hebrews
1262 4269 1311 4307 are

207 4344 358 4402 forbidden
372 4351 402 4402 to
416 4351 490 4401 treet
510 4344 559 4402 the
576 4345 731 4420 Egyptians
745 4361 777 4400 as
791 4343 923 4401 enemies.
969 4342 1031 4398 The
1045 4358 1131 4398 seren
1144 4339 1265 4412 Peoples
1280 4337 1314 4393 of
