2834 4920
206 267 271 335 296
651 276 703 331 DE
725 272 863 332 POENIS.
1180 274 1255 344 [Lm.
1268 277 1308 334 11.

205 444 319 535 saepius
341 441 490 531 deliquit:
514 441 587 531 quia
611 442 735 511 habitus
758 442 832 509 mali
856 441 974 510 actibus
994 447 1068 508 sunt
1084 441 1214 529 pejores.
1265 446 1310 511 Et

205 546 279 612 hinc
302 543 434 632 intelligi
459 551 563 630 potest
589 552 742 629 quatenus
768 550 881 609 natura
905 564 1029 629 oequum
1055 540 1097 608 sit
1121 542 1205 628 qnod
1224 545 1309 631 epud

206 647 319 711 Persas
335 642 440 719 fiebat,
458 638 512 708 ‘ut
529 643 594 709 vita
610 642 748 708 anterior
765 640 855 708 simul
869 664 938 707 cum
953 641 1064 706 delicto
1081 639 1114 706 in
1131 642 1310 709 aestimatio-

206 766 277 809 nem
302 741 435 809 reniret.
487 742 526 808 ld
556 741 636 808 enim
667 743 768 808 locum
795 741 912 806 habere
941 740 1034 807 debet
1061 739 1094 804 in
1123 740 1172 806 his
1197 743 1310 827 quibus

206 842 321 929 alioqui
350 864 413 907 non
435 840 523 908 mulis
548 841 649 907 subito
673 840 777 927 aliqua
801 839 948 927 peccandi
970 838 1100 905 dulcedo
1129 840 1308 928 subrepsit:

206 965 270 1007 non
286 942 320 1006 in
341 941 390 1007 his
411 941 465 1026 qui
491 948 590 1007 totum
614 940 688 1006 vitae
709 961 809 1028 genus
829 938 1041 1015 immutarunt,
1060 938 1092 1003 in
1114 939 1227 1025 quibus
1242 941 1309 1027 ipse

207 1043 295 1106 Deus
311 1039 396 1127 apud
413 1039 607 1105 Ezechielem
623 1039 737 1105 nullum
754 1061 788 1103 se
802 1038 920 1104 habere
936 1038 982 1104 ait
998 1037 1110 1125 prioris
1127 1038 1199 1104 witae
1215 1039 1310 1105 ratio·

208 1161 290 1216 nem,
315 1139 489 1225 quibusque
515 1139 594 1204 adeo
623 1136 859 1226 Thucydidenm
885 1136 961 1203 illud
986 1137 1089 1224 aptari
1117 1146 1239 1224 potest:
1265 1133 1310 1207 d:-

210 1240 356 1308 πλασίας
382 1233 492 1331 ζημίας
514 1231 600 1327 ἄξιοί
623 1238 711 1314 εἰσιν,
738 1233 793 1305 ὅτι
827 1231 900 1304 ἀντ’
926 1232 1061 1325 ἀγαθῶν
1085 1235 1174 1304 κακοὶ
1199 1234 1308 1327 ’γεγέ-

210 1358 339 1421 νηντοι·
364 1338 539 1422 dupliciter
555 1359 672 1423 poenae
693 1349 864 1410 mercatur,
886 1357 921 1401 eo
943 1338 1029 1421 quod
1048 1358 1088 1402 co
1110 1338 1199 1402 bona
1225 1339 1310 1403 mali

43 1453 166 1498 naue.
199 1441 295 1524 facti
316 1449 401 1504 erent.
454 1436 547 1514 Quod
570 1445 603 1502 et
624 1435 698 1501 alibi
723 1435 822 1502 dixit:
847 1431 903 1502 ὅτι
929 1430 986 1503 οὐκ
1011 1431 1046 1502 ἐκ
1073 1431 1310 1526 προσηκόντων

208 1531 451 1628 ἁμαρτάνουσι·
476 1539 558 1622 quta
573 1539 661 1621 ν’ροοο
671 1557 809 1620 peccare
825 1536 957 1600 minime
973 1536 1113 1600 decebat.

283 1639 306 1700 4
340 1636 452 1721 ltaque
480 1635 595 1721 optime
623 1633 793 1699 Christiani
819 1643 943 1699 veteres
971 1633 1002 1697 in
1033 1632 1131 1720 poenis
1157 1655 1309 1700 canonum

207 1734 397 1802 aetimundis
413 1739 496 1799 unon
520 1734 637 1799 nudum
662 1732 807 1799 delictum
824 1731 988 1799 voluerunt
1012 1731 1117 1820 aspici,
1138 1733 1194 1799 sed
1219 1733 1311 1799 simul

207 1835 283 1900 vitoe
310 1833 394 1921 quod
421 1832 578 1920 praecessit
603 1841 636 1899 et
663 1832 745 1918 quod
773 1830 931 1917 sequitur-3
955 1841 991 1898 ut
1014 1854 1054 1896 ex
1081 1832 1251 1920 Ancyrana
1277 1842 1311 1900 et

44 1942 186 1985 lavim
207 1933 276 1998 aliis
303 1931 439 2020 Synodis
465 1931 572 1997 videre
596 1940 651 1996 est.
703 1931 766 1996 Sed
792 1939 825 1996 et
844 1930 896 1996 lex
917 1931 1018 2017 posita
1034 1930 1184 1996 adversus
1201 1931 1310 1997 vitium

207 2031 371 2118 specialem
388 2030 544 2116 quandam
560 2027 709 2095 malitiam
723 2028 823 2095 reteri
838 2029 1039 2116 superaddit:
1057 2030 1141 2116 qnod
1157 2030 1202 2096 ita
1219 2031 1311 2098 docet

43 2140 184 2228 peamau
208 2129 420 2218 Augustinus:
447 2132 519 2196 ¹lec
529 2129 710 2215 prohibeas
726 2131 838 2195 omnia
859 2130 981 2195 delicta
997 2132 1221 2216 congeminat:
1245 2154 1311 2197 noa

206 2307 300 2356 mentis:
316 2320 363 2367 qao
372 2305 433 2352 enim
442 2305 520 2366 ptura
528 2307 582 2350 nort
593 2304 619 2349 ι’νι
630 2316 683 2364 qiua
695 2303 733 2349 ta·
784 2303 889 2351 νιονίῠνν
904 2304 961 2363 qius,
981 2307 1022 2366 qai
1038 2305 1155 2367 arquitur,
1174 2310 1208 2354 est
1217 2306 1310 2367 ponde·

207 2384 307 2431 citimus
326 2381 421 2437 delicta
447 2381 492 2426 hoc
511 2378 622 2436 mqiorem
640 2392 735 2438 μανιανι
783 2380 894 2427 raedam.
923 2381 995 2441 (Cap.
1005 2381 1053 2439 25.)

207 2470 377 2506 commoremur.
409 2455 501 2517 [Dion.
515 2454 567 2501 sno.
581 2466 595 2499 e
611 2452 664 2499 Lib.
675 2466 734 2500 xxr.
829 2455 1007 2502 'Nomadum
1016 2457 1125 2504 delictum
1135 2457 1258 2504 voluerum
1269 2473 1310 2505 αν·

207 2529 353 2589 Eclog.15.]
779 2529 843 2590 pter]
860 2530 945 2577 Canon
956 2532 1096 2592 Ancyranns
1107 2544 1171 2579 xxv.
1194 2533 1312 2594 Chrysas-

252 2608 260 2640 ῑ
278 2606 311 2654 Ut
320 2608 371 2652 vita
383 2607 490 2653 anterior
499 2604 570 2652 νίνινὶ
585 2619 636 2651 cum
650 2603 734 2649 delicto
783 2610 864 2651 tomus
873 2606 905 2650 ad
916 2618 945 2652 η.
955 2606 987 2650 ad
998 2605 1142 2662 Corinthios,
1153 2621 1205 2667 cap.
1216 2607 1241 2654 ii.
1254 2608 1311 2655 ὅθεν

206 2684 232 2728 t'n
241 2683 414 2729 extimationem
423 2681 522 2740 veniret]
535 2681 633 2726 Asinius
645 2678 734 2723 Pollio:
783 2677 947 2737 μανθάνομεν,
963 2678 1005 2724 ὅτι
1015 2682 1043 2725 οὐ
1054 2680 1092 2725 δεῖ
1101 2681 1176 2738 μόνον
1186 2684 1250 2740 πρὸς
1261 2683 1311 2738 την

208 2758 283 2819 [apud
304 2759 388 2805 Senec.
410 2758 505 2802 Suasor.
523 2767 558 2800 vt.
579 2753 661 2812 paullo
676 2756 734 2797 ente
784 2753 862 2811 φύσιν
883 2755 935 2798 τῶν
959 2752 1156 2813 ἁμαρτημάτων,
1175 2755 1245 2802 ἀλλά
1268 2759 1311 2805 καὶ

206 2846 288 2877 versus
306 2832 379 2877 Corn.
396 2828 500 2889 Severi]
516 2842 565 2889 qua
581 2828 659 2886 major
671 2838 734 2885 pars
782 2826 847 2886 πρὸς
867 2825 914 2881 την
933 2825 1042 2872 διάνοιαν
1061 2827 1103 2873 καὶ
1122 2827 1169 2883 την
1187 2829 1240 2888 ἕξιν
1257 2833 1311 2878 τῶν

206 2907 261 2953 otta
274 2911 343 2965 atque
353 2905 442 2964 ingenii
451 2905 520 2960 otest,
536 2917 566 2948 ea
574 2901 733 2960 judicandam
782 2899 979 2960 ἀμαρτανόντων
993 2901 1041 2955 την
1058 2901 1192 2960 μετάνοιαν
1209 2903 1310 2964 ὸρῖζενν·

206 2979 386 3027 debomiuccst.
418 2978 503 3024 Cicero
514 2991 563 3038 pro
574 2977 626 3023 Sul.
654 2976 733 3022 Omni·
783 2974 965 3021 ondedbctnus
973 2977 1117 3035 poenitentioe
1125 2979 1190 3036 fine:
1200 2978 1310 3027 determi-

206 3055 249 3101 ονε
259 3055 283 3100 in
293 3054 369 3111 rebus,
377 3052 480 3111 judices,
489 3067 540 3112 qnae
550 3051 672 3112 proniores
681 3064 731 3094 ma·
782 3049 873 3095 nandoc
887 3064 933 3095 non
948 3050 1002 3096 rota
1017 3050 1154 3098 delictorum
1168 3058 1256 3099 natm
1272 3056 1310 3100 in-

199 3128 381 3189 jomqaeeunt,
396 3128 455 3188 quid
464 3128 517 3187 quis
526 3125 632 3181 coluerit,
642 3125 733 3185 copita-
782 3129 869 3184 qrecta,
881 3126 926 3182 sed
937 3132 960 3173 et
970 3129 1092 3189 propositi
1106 3135 1128 3175 et
1142 3130 1215 3174 morte
1230 3144 1310 3177 eorum

206 3205 248 3262 rit,
266 3205 397 3264 admiserit,
415 3217 461 3249 non
476 3217 505 3249 ea
520 3200 623 3257 crimine,
642 3199 685 3245 rect
703 3212 732 3244 ea
782 3201 965 3261 quipeccnrunt.
982 3204 1062 3265 (Tom.
1074 3217 1114 3251 111.
1125 3206 1225 3266 poue.)
1241 3207 1309 3255 Idem

206 3453 320 3506 offenso.
366 3451 433 3506 Also
448 3451 529 3507 thero
544 3468 662 3524 appears
676 3468 693 3506 a
714 3458 826 3523 greater
839 3454 958 3525 pravity,
977 3452 1002 3506 if
1019 3469 1075 3524 any
1089 3469 1143 3508 one
1160 3453 1211 3508 hae
1230 3454 1309 3510 osten

207 3536 353 3593 offendcd:
376 3537 496 3591 because
510 3537 566 3591 bad
581 3538 673 3592 habits
692 3555 741 3592 nro
762 3555 849 3591 worse
864 3538 933 3592 than
955 3538 1010 3592 bad
1026 3544 1093 3592 acts.
1139 3538 1203 3592 And
1218 3540 1309 3595 hence

206 3623 230 3677 i:
242 3640 305 3693 may
317 3623 353 3676 bo
364 3622 536 3678 understood
547 3623 610 3678 how
624 3621 669 3677 far
680 3623 743 3678 that
758 3637 813 3677 was
825 3623 862 3694 by
875 3631 976 3678 nature
988 3623 1138 3694 equiteblc,
1150 3624 1240 3677 which
1253 3642 1309 3681 was

206 3708 347 3781 practised
368 3725 470 3779 among
484 3708 533 3763 the
548 3710 687 3773 pomieno,
708 3708 770 3763 that
790 3708 838 3762 tho
859 3711 984 3763 anterior
1003 3709 1053 3762 lite
1068 3725 1123 3761 was
1141 3708 1227 3762 taken
1248 3710 1311 3765 into

206 3799 327 3849 account
341 3793 425 3865 along
440 3794 506 3849 with
521 3794 571 3850 the
585 3795 699 3849 offense.
745 3793 820 3849 Thnt
837 3811 902 3866 may
914 3794 950 3849 be
964 3793 1087 3865 applied,
1105 3793 1197 3847 where
1212 3811 1230 3847 a
1244 3812 1312 3866 per·

206 3897 266 3944 son,
282 3885 332 3933 not
351 3879 498 3935 otherwise
515 3880 579 3944 bad,
596 3880 648 3935 hus
665 3881 738 3935 been
755 3896 901 3934 overcome
915 3880 954 3951 by
968 3896 1045 3934 some
1063 3879 1172 3933 sudden
1187 3886 1310 3951 tempta·

207 3966 283 4021 tion:
306 3965 358 4020 but
378 3973 429 4019 not
443 3967 472 4019 in
493 3966 573 4021 those
595 3966 657 4020 who
672 3965 743 4020 have
758 3964 885 4034 changed
897 3965 973 4020 their
987 3964 1076 4019 whole
1091 3982 1190 4020 course
1206 3965 1238 4020 of
1250 3967 1309 4032 life,

207 4053 237 4105 in
256 4050 346 4104 whom
360 4051 423 4105 God
443 4068 504 4124 says
525 4051 562 4106 he
577 4052 632 4105 will
646 4058 698 4106 not
712 4051 813 4121 regnrd
824 4049 873 4104 tho
885 4051 992 4106 former
1009 4051 1058 4105 life
1072 4051 1169 4117 (Ezok.
1184 4051 1308 4118 xviii,*).

208 4138 247 4192 So
263 4137 449 4208 Thucydides.

261 4229 279 4277 4
307 4222 367 4277 The
379 4223 493 4278 ancient
508 4222 670 4287 Christiane,
685 4223 715 4275 in
730 4222 871 4293 assigning
885 4221 1067 4294 punishment
1080 4222 1120 4293 by
1134 4221 1183 4277 the
1196 4238 1309 4288 canons,

252 4351 266 4379 ⁶
283 4351 336 4397 The
350 4351 467 4411 prinoipal
478 4355 534 4411 pert
547 4352 623 4397 ottho
639 4364 739 4411 passage
755 4351 836 4396 rather
850 4351 925 4397 refers
935 4350 985 4410 (aee
996 4365 1017 4397 v.
1030 4350 1069 4408 10)
1085 4352 1110 4396 to
1122 4349 1163 4396 the
1178 4364 1221 4395 son
1236 4351 1313 4411 being

207 4424 255 4472 bed
266 4426 335 4473 when
346 4427 388 4473 the
397 4426 477 4473 father
486 4425 528 4473 has
538 4425 599 4471 been
609 4438 625 4470 a
633 4424 699 4484 good
709 4438 772 4471 man.
803 4425 844 4471 W.
