<?xml version="1.0" encoding="UTF-8"?>
<!DOCTYPE html PUBLIC "-//W3C//DTD XHTML 1.0 Transitional//EN"
    "http://www.w3.org/TR/xhtml1/DTD/xhtml1-transitional.dtd">
<html xmlns="http://www.w3.org/1999/xhtml" xml:lang="en" lang="en">
 <head>
  <title>
</title>
<meta http-equiv="Content-Type" content="text/html;charset=utf-8" />
  <meta name='ocr-system' content='tesseract 3.04.00' />
  <meta name='ocr-capabilities' content='ocr_page ocr_carea ocr_par ocr_line ocrx_word'/>
</head>
<body>
  <div class='ocr_page' id='page_1' title='image "./hugonisgrotiide03barbgoog_0237.png"; bbox 0 0 2834 4920; ppageno 0'>
   <div class='ocr_carea' id='block_1_1' title="bbox 223 211 1322 301">
    <p class='ocr_par' dir='ltr' id='par_1_1' title="bbox 223 211 1322 301">
     <span class='ocr_line' id='line_1_1' title="bbox 223 211 1322 301; baseline -0.001 -26"><span class='ocrx_word' id='word_1_1' title='bbox 223 211 287 275; x_wconf 75' lang='lat'>224</span> <span class='ocrx_word' id='word_1_2' title='bbox 546 223 600 277; x_wconf 87' lang='lat' dir='ltr'>nn</span> <span class='ocrx_word' id='word_1_3' title='bbox 621 222 720 278; x_wconf 82' lang='lat' dir='ltr'>sunn</span> <span class='ocrx_word' id='word_1_4' title='bbox 744 221 993 301; x_wconf 75' lang='lat' dir='ltr'>sprunnunn.</span> <span class='ocrx_word' id='word_1_5' title='bbox 1196 217 1270 288; x_wconf 77' lang='lat' dir='ltr'>[nn.</span> <span class='ocrx_word' id='word_1_6' title='bbox 1285 219 1322 275; x_wconf 91' lang='lat'>11.</span> 
     </span>
    </p>
   </div>
   <div class='ocr_carea' id='block_1_2' title="bbox 59 382 1326 760">
    <p class='ocr_par' dir='ltr' id='par_1_2' title="bbox 59 382 1326 760">
     <span class='ocr_line' id='line_1_2' title="bbox 222 382 1326 471; baseline -0.001 -20"><span class='ocrx_word' id='word_1_7' title='bbox 222 383 356 452; x_wconf 92' lang='lat' dir='ltr'>hominis</span> <span class='ocrx_word' id='word_1_8' title='bbox 377 405 489 471; x_wconf 89' lang='lat' dir='ltr'>corpus</span> <span class='ocrx_word' id='word_1_9' title='bbox 503 388 562 451; x_wconf 64' lang='lat' dir='ltr'>‘ex</span> <span class='ocrx_word' id='word_1_10' title='bbox 583 392 670 451; x_wconf 84' lang='lat' dir='ltr'>terra</span> <span class='ocrx_word' id='word_1_11' title='bbox 692 392 795 451; x_wconf 89' lang='lat' dir='ltr'>ortum</span> <span class='ocrx_word' id='word_1_12' title='bbox 816 392 911 450; x_wconf 87' lang='lat' dir='ltr'>terrse</span> <span class='ocrx_word' id='word_1_13' title='bbox 928 382 1044 461; x_wconf 91' lang='lat' dir='ltr'>deberi,</span> <span class='ocrx_word' id='word_1_14' title='bbox 1067 405 1131 449; x_wconf 89' lang='lat' dir='ltr'>non</span> <span class='ocrx_word' id='word_1_15' title='bbox 1147 384 1235 450; x_wconf 89' lang='lat' dir='ltr'>Deus</span> <span class='ocrx_word' id='word_1_16' title='bbox 1256 391 1326 450; x_wconf 87' lang='lat' dir='ltr'>ten·</span> 
     </span>
     <span class='ocr_line' id='line_1_3' title="bbox 224 482 1324 572; baseline -0.001 -22"><span class='ocrx_word' id='word_1_17' title='bbox 224 493 290 550; x_wconf 92' lang='lat' dir='ltr'>tum</span> <span class='ocrx_word' id='word_1_18' title='bbox 308 484 428 550; x_wconf 81' lang='lat' dir='ltr'>Ademo</span> <span class='ocrx_word' id='word_1_19' title='bbox 445 484 552 560; x_wconf 82' lang='lat' dir='ltr'>edixit,</span> <span class='ocrx_word' id='word_1_20' title='bbox 576 485 632 549; x_wconf 86' lang='lat' dir='ltr'>sed</span> <span class='ocrx_word' id='word_1_21' title='bbox 648 492 681 550; x_wconf 93' lang='lat' dir='ltr'>et</span> <span class='ocrx_word' id='word_1_22' title='bbox 697 483 798 551; x_wconf 85' lang='lat' dir='ltr'>Grseci</span> <span class='ocrx_word' id='word_1_23' title='bbox 821 482 987 569; x_wconf 76' lang='lat' dir='ltr'><strong>Latinique</strong></span> <span class='ocrx_word' id='word_1_24' title='bbox 1007 482 1120 572; x_wconf 82' lang='lat' dir='ltr'>passim</span> <span class='ocrx_word' id='word_1_25' title='bbox 1143 492 1324 572; x_wconf 82' lang='lat' dir='ltr'>agnoscunt.</span> 
     </span>
     <span class='ocr_line' id='line_1_4' title="bbox 59 582 783 678; baseline 0.003 -29"><span class='ocrx_word' id='word_1_26' title='bbox 59 592 125 678; x_wconf 57' lang='lat' dir='ltr'>yps</span> <span class='ocrx_word' id='word_1_27' title='bbox 136 591 196 640; x_wconf 56' lang='grc' dir='ltr'>Μ</span> <span class='ocrx_word' id='word_1_28' title='bbox 226 584 334 650; x_wconf 84' lang='lat' dir='ltr'>Cicero</span> <span class='ocrx_word' id='word_1_29' title='bbox 352 605 392 649; x_wconf 88' lang='lat' dir='ltr'>ex</span> <span class='ocrx_word' id='word_1_30' title='bbox 408 582 567 671; x_wconf 83' lang='lat' dir='ltr'>Euripidis</span> <span class='ocrx_word' id='word_1_31' title='bbox 585 583 783 672; x_wconf 77' lang='lat' dir='ltr'>Hypsipyle:</span> 
     </span>
     <span class='ocr_line' id='line_1_5' title="bbox 570 704 922 760; baseline -0.009 -2"><span class='ocrx_word' id='word_1_32' title='bbox 570 704 728 759; x_wconf 78' lang='lat' dir='ltr'>Reddenda</span> <span class='ocrx_word' id='word_1_33' title='bbox 741 709 824 760; x_wconf 82' lang='lat' dir='ltr'>terreo</span> <span class='ocrx_word' id='word_1_34' title='bbox 836 709 922 759; x_wconf 84' lang='lat' dir='ltr'>terre.</span> 
     </span>
    </p>
   </div>
   <div class='ocr_carea' id='block_1_3' title="bbox 61 800 1326 1186">
    <p class='ocr_par' dir='ltr' id='par_1_3' title="bbox 61 800 1325 890">
     <span class='ocr_line' id='line_1_6' title="bbox 61 800 1325 890; baseline 0.002 -25"><span class='ocrx_word' id='word_1_35' title='bbox 61 820 118 861; x_wconf 72' lang='lat' dir='ltr'>sees</span> <span class='ocrx_word' id='word_1_36' title='bbox 128 820 193 865; x_wconf 76' lang='lat' dir='ltr'>xur-</span> <span class='ocrx_word' id='word_1_37' title='bbox 224 803 268 868; x_wconf 86' lang='lat' dir='ltr'>Et</span> <span class='ocrx_word' id='word_1_38' title='bbox 284 801 368 888; x_wconf 92' lang='lat' dir='ltr'>quod</span> <span class='ocrx_word' id='word_1_39' title='bbox 380 802 465 890; x_wconf 81' lang='lat' dir='ltr'>apud</span> <span class='ocrx_word' id='word_1_40' title='bbox 479 802 673 868; x_wconf 82' lang='lat' dir='ltr'><strong>Salomonem</strong></span> <span class='ocrx_word' id='word_1_41' title='bbox 688 801 819 890; x_wconf 85' lang='lat' dir='ltr'>legimus</span> <span class='ocrx_word' id='word_1_42' title='bbox 831 800 991 887; x_wconf 87' lang='lat' dir='ltr'>pulverem</span> <span class='ocrx_word' id='word_1_43' title='bbox 1008 800 1132 888; x_wconf 90' lang='lat' dir='ltr'>quidem</span> <span class='ocrx_word' id='word_1_44' title='bbox 1149 800 1190 866; x_wconf 85' lang='lat' dir='ltr'>nd</span> <span class='ocrx_word' id='word_1_45' title='bbox 1209 809 1325 867; x_wconf 84' lang='lat' dir='ltr'>terrem</span> 
     </span>
    </p>

    <p class='ocr_par' dir='ltr' id='par_1_4' title="bbox 223 899 1325 989">
     <span class='ocr_line' id='line_1_7' title="bbox 223 899 1325 989; baseline 0 -23"><span class='ocrx_word' id='word_1_46' title='bbox 223 901 329 966; x_wconf 86' lang='lat' dir='ltr'>redire</span> <span class='ocrx_word' id='word_1_47' title='bbox 353 902 446 988; x_wconf 74' lang='lat' dir='ltr'>quale</span> <span class='ocrx_word' id='word_1_48' title='bbox 470 902 583 979; x_wconf 79' lang='lat' dir='ltr'>suerat,</span> <span class='ocrx_word' id='word_1_49' title='bbox 610 900 752 989; x_wconf 87' lang='lat' dir='ltr'>spiritum</span> <span class='ocrx_word' id='word_1_50' title='bbox 781 909 886 966; x_wconf 87' lang='lat' dir='ltr'>cutem</span> <span class='ocrx_word' id='word_1_51' title='bbox 911 899 952 966; x_wconf 86' lang='lat' dir='ltr'>ed</span> <span class='ocrx_word' id='word_1_52' title='bbox 975 900 1078 966; x_wconf 91' lang='lat' dir='ltr'>Deum</span> <span class='ocrx_word' id='word_1_53' title='bbox 1105 900 1160 988; x_wconf 89' lang='lat' dir='ltr'>qui</span> <span class='ocrx_word' id='word_1_54' title='bbox 1184 900 1325 978; x_wconf 83' lang='lat' dir='ltr'>dederat,</span> 
     </span>
    </p>

    <p class='ocr_par' dir='ltr' id='par_1_5' title="bbox 140 999 1326 1186">
     <span class='ocr_line' id='line_1_8' title="bbox 140 999 1326 1089; baseline 0.002 -25"><span class='ocrx_word' id='word_1_55' title='bbox 140 1060 143 1065; x_wconf 83' lang='lat'>.</span> <span class='ocrx_word' id='word_1_56' title='bbox 223 1000 391 1088; x_wconf 80' lang='lat' dir='ltr'>Euripides</span> <span class='ocrx_word' id='word_1_57' title='bbox 406 1003 466 1067; x_wconf 92' lang='lat' dir='ltr'>hoc</span> <span class='ocrx_word' id='word_1_58' title='bbox 486 1001 587 1089; x_wconf 90' lang='lat' dir='ltr'>ipsum</span> <span class='ocrx_word' id='word_1_59' title='bbox 609 1007 827 1089; x_wconf 79' lang='lat' dir='ltr'><strong>argumentum</strong></span> <span class='ocrx_word' id='word_1_60' title='bbox 845 1022 885 1064; x_wconf 90' lang='lat' dir='ltr'>ex</span> <span class='ocrx_word' id='word_1_61' title='bbox 901 1021 1034 1086; x_wconf 82' lang='lat' dir='ltr'>persone</span> <span class='ocrx_word' id='word_1_62' title='bbox 1056 999 1169 1066; x_wconf 77' lang='lat' dir='ltr'>Thesei</span> <span class='ocrx_word' id='word_1_63' title='bbox 1186 999 1219 1066; x_wconf 91' lang='lat' dir='ltr'>in</span> <span class='ocrx_word' id='word_1_64' title='bbox 1243 1005 1326 1087; x_wconf 81' lang='lat' dir='ltr'>Sup-</span> 
     </span>
     <span class='ocr_line' id='line_1_9' title="bbox 218 1100 1030 1186; baseline 0 -22"><span class='ocrx_word' id='word_1_65' title='bbox 218 1102 364 1186; x_wconf 79' lang='lat' dir='ltr'>plicibns</span> <span class='ocrx_word' id='word_1_66' title='bbox 380 1109 520 1167; x_wconf 73' lang='lat' dir='ltr'>trectms</span> <span class='ocrx_word' id='word_1_67' title='bbox 535 1100 579 1165; x_wconf 90' lang='lat' dir='ltr'>sic</span> <span class='ocrx_word' id='word_1_68' title='bbox 594 1101 639 1166; x_wconf 83' lang='lat' dir='ltr'>eit</span> <span class='ocrx_word' id='word_1_69' title='bbox 657 1103 751 1185; x_wconf 81' lang='lat' dir='ltr'>(vers.</span> <span class='ocrx_word' id='word_1_70' title='bbox 768 1101 845 1176; x_wconf 86' lang='lat'>531,</span> <span class='ocrx_word' id='word_1_71' title='bbox 863 1107 895 1164; x_wconf 91' lang='lat' dir='ltr'>et</span> <span class='ocrx_word' id='word_1_72' title='bbox 911 1100 1030 1185; x_wconf 88' lang='lat' dir='ltr'>seqq.):</span> 
     </span>
    </p>
   </div>
   <div class='ocr_carea' id='block_1_4' title="bbox 441 1216 1118 1722">
    <p class='ocr_par' dir='ltr' id='par_1_6' title="bbox 441 1216 1118 1722">
     <span class='ocr_line' id='line_1_10' title="bbox 441 1216 1053 1290; baseline -0.005 -15"><span class='ocrx_word' id='word_1_73' title='bbox 441 1221 507 1275; x_wconf 78' lang='lat' dir='ltr'>dem</span> <span class='ocrx_word' id='word_1_74' title='bbox 521 1221 605 1276; x_wconf 90' lang='lat' dir='ltr'>sinite</span> <span class='ocrx_word' id='word_1_75' title='bbox 619 1225 703 1274; x_wconf 82' lang='lat' dir='ltr'>terroe</span> <span class='ocrx_word' id='word_1_76' title='bbox 715 1224 841 1274; x_wconf 90' lang='lat' dir='ltr'>mortuos</span> <span class='ocrx_word' id='word_1_77' title='bbox 855 1217 961 1290; x_wconf 81' lang='lat' dir='ltr'>gremio</span> <span class='ocrx_word' id='word_1_78' title='bbox 976 1216 1053 1288; x_wconf 82' lang='lat' dir='ltr'>tegi:</span> 
     </span>
     <span class='ocr_line' id='line_1_11' title="bbox 442 1303 1073 1376; baseline -0.005 -16"><span class='ocrx_word' id='word_1_79' title='bbox 442 1307 500 1361; x_wconf 89' lang='lat' dir='ltr'>Res</span> <span class='ocrx_word' id='word_1_80' title='bbox 515 1307 591 1360; x_wconf 91' lang='lat' dir='ltr'>unde</span> <span class='ocrx_word' id='word_1_81' title='bbox 605 1321 723 1376; x_wconf 77' lang='lat' dir='ltr'>querque</span> <span class='ocrx_word' id='word_1_82' title='bbox 737 1312 875 1360; x_wconf 78' lang='lat' dir='ltr'>sumserat</span> <span class='ocrx_word' id='word_1_83' title='bbox 888 1303 1073 1376; x_wconf 87' lang='lat' dir='ltr'>primordium</span> 
     </span>
     <span class='ocr_line' id='line_1_12' title="bbox 441 1390 968 1465; baseline -0.004 -19"><span class='ocrx_word' id='word_1_84' title='bbox 441 1393 484 1446; x_wconf 85' lang='lat' dir='ltr'>Eo</span> <span class='ocrx_word' id='word_1_85' title='bbox 499 1391 650 1465; x_wconf 77' lang='lat' dir='ltr'>recipitur:</span> <span class='ocrx_word' id='word_1_86' title='bbox 673 1391 787 1463; x_wconf 87' lang='lat' dir='ltr'>spiritus</span> <span class='ocrx_word' id='word_1_87' title='bbox 802 1390 872 1446; x_wconf 90' lang='lat' dir='ltr'>coslo</span> <span class='ocrx_word' id='word_1_88' title='bbox 884 1390 968 1455; x_wconf 90' lang='lat' dir='ltr'>redit,</span> 
     </span>
     <span class='ocr_line' id='line_1_13' title="bbox 442 1475 1118 1550; baseline -0.006 -17"><span class='ocrx_word' id='word_1_89' title='bbox 442 1478 607 1550; x_wconf 81' lang='lat' dir='ltr'>Corpusque</span> <span class='ocrx_word' id='word_1_90' title='bbox 620 1484 720 1532; x_wconf 82' lang='lat' dir='ltr'>terres:</span> <span class='ocrx_word' id='word_1_91' title='bbox 739 1478 804 1548; x_wconf 89' lang='lat' dir='ltr'>jure</span> <span class='ocrx_word' id='word_1_92' title='bbox 818 1493 872 1532; x_wconf 91' lang='lat' dir='ltr'>nec</span> <span class='ocrx_word' id='word_1_93' title='bbox 886 1475 962 1531; x_wconf 90' lang='lat' dir='ltr'>enim</span> <span class='ocrx_word' id='word_1_94' title='bbox 976 1476 1118 1547; x_wconf 79' lang='lat' dir='ltr'>muncupi,</span> 
     </span>
     <span class='ocr_line' id='line_1_14' title="bbox 442 1561 1113 1635; baseline -0.001 -17"><span class='ocrx_word' id='word_1_95' title='bbox 442 1564 500 1619; x_wconf 84' lang='lat' dir='ltr'>Sed</span> <span class='ocrx_word' id='word_1_96' title='bbox 515 1564 607 1619; x_wconf 81' lang='lat' dir='ltr'>brevis</span> <span class='ocrx_word' id='word_1_97' title='bbox 621 1563 659 1618; x_wconf 86' lang='lat' dir='ltr'>ad</span> <span class='ocrx_word' id='word_1_98' title='bbox 673 1565 724 1618; x_wconf 81' lang='lat' dir='ltr'>reri</span> <span class='ocrx_word' id='word_1_99' title='bbox 738 1569 850 1635; x_wconf 88' lang='lat' dir='ltr'>tempus</span> <span class='ocrx_word' id='word_1_100' title='bbox 864 1562 1002 1617; x_wconf 88' lang='lat' dir='ltr'>utendum</span> <span class='ocrx_word' id='word_1_101' title='bbox 1014 1561 1113 1617; x_wconf 84' lang='lat' dir='ltr'>detur:</span> 
     </span>
     <span class='ocr_line' id='line_1_15' title="bbox 441 1648 1062 1722; baseline 0 -18"><span class='ocrx_word' id='word_1_102' title='bbox 441 1650 508 1704; x_wconf 87' lang='lat' dir='ltr'>Mox</span> <span class='ocrx_word' id='word_1_103' title='bbox 523 1657 600 1706; x_wconf 85' lang='lat' dir='ltr'>terra</span> <span class='ocrx_word' id='word_1_104' title='bbox 613 1650 718 1722; x_wconf 88' lang='lat' dir='ltr'>repetit</span> <span class='ocrx_word' id='word_1_105' title='bbox 732 1650 793 1721; x_wconf 86' lang='lat' dir='ltr'>ipss</span> <span class='ocrx_word' id='word_1_106' title='bbox 807 1648 883 1721; x_wconf 90' lang='lat' dir='ltr'>quod</span> <span class='ocrx_word' id='word_1_107' title='bbox 898 1649 1062 1709; x_wconf 78' lang='lat' dir='ltr'>nutriverat.</span> 
     </span>
    </p>
   </div>
   <div class='ocr_carea' id='block_1_5' title="bbox 224 1746 1090 1831">
    <p class='ocr_par' dir='ltr' id='par_1_7' title="bbox 224 1746 1090 1831">
     <span class='ocr_line' id='line_1_16' title="bbox 224 1746 1090 1831; baseline 0.001 -21"><span class='ocrx_word' id='word_1_108' title='bbox 224 1746 388 1812; x_wconf 88' lang='lat' dir='ltr'>Lucretius</span> <span class='ocrx_word' id='word_1_109' title='bbox 402 1746 542 1814; x_wconf 88' lang='lat' dir='ltr'>similiter</span> <span class='ocrx_word' id='word_1_110' title='bbox 558 1747 598 1813; x_wconf 90' lang='lat' dir='ltr'>de</span> <span class='ocrx_word' id='word_1_111' title='bbox 615 1756 703 1813; x_wconf 79' lang='lat' dir='ltr'>terre</span> <span class='ocrx_word' id='word_1_112' title='bbox 720 1747 802 1831; x_wconf 85' lang='lat' dir='ltr'>(Lib.</span> <span class='ocrx_word' id='word_1_113' title='bbox 820 1769 850 1813; x_wconf 81' lang='lat' dir='ltr'>v.</span> <span class='ocrx_word' id='word_1_114' title='bbox 867 1768 948 1812; x_wconf 86' lang='lat' dir='ltr'>vers.</span> <span class='ocrx_word' id='word_1_115' title='bbox 968 1747 1090 1831; x_wconf 82' lang='lat'>1260):</span> 
     </span>
    </p>
   </div>
   <div class='ocr_carea' id='block_1_6' title="bbox 356 1865 1189 1939">
    <p class='ocr_par' dir='ltr' id='par_1_8' title="bbox 356 1865 1189 1939">
     <span class='ocr_line' id='line_1_17' title="bbox 356 1865 1189 1939; baseline -0.001 -17"><span class='ocrx_word' id='word_1_116' title='bbox 356 1867 543 1939; x_wconf 77' lang='lat' dir='ltr'>Omnipotens</span> <span class='ocrx_word' id='word_1_117' title='bbox 555 1867 655 1922; x_wconf 91' lang='lat' dir='ltr'>esdern</span> <span class='ocrx_word' id='word_1_118' title='bbox 668 1883 764 1922; x_wconf 90' lang='lat' dir='ltr'>rerum</span> <span class='ocrx_word' id='word_1_119' title='bbox 778 1870 821 1921; x_wconf 88' lang='lat' dir='ltr'>est</span> <span class='ocrx_word' id='word_1_120' title='bbox 835 1882 985 1921; x_wconf 87' lang='lat' dir='ltr'>commune</span> <span class='ocrx_word' id='word_1_121' title='bbox 999 1865 1189 1939; x_wconf 76' lang='lat' dir='ltr'>sepulchrum.</span> 
     </span>
    </p>
   </div>
   <div class='ocr_carea' id='block_1_7' title="bbox 144 1964 1326 2150">
    <p class='ocr_par' dir='ltr' id='par_1_9' title="bbox 144 1964 1326 2150">
     <span class='ocr_line' id='line_1_18' title="bbox 144 1964 1326 2051; baseline -0.001 -22"><span class='ocrx_word' id='word_1_122' title='bbox 144 2016 151 2029; x_wconf 89' lang='lat'>.</span> <span class='ocrx_word' id='word_1_123' title='bbox 227 1964 335 2030; x_wconf 86' lang='lat' dir='ltr'>Cicero</span> <span class='ocrx_word' id='word_1_124' title='bbox 352 1967 392 2031; x_wconf 82' lang='lat' dir='ltr'>de</span> <span class='ocrx_word' id='word_1_125' title='bbox 408 1967 551 2050; x_wconf 69' lang='lat' dir='ltr'>Lepidus</span> <span class='ocrx_word' id='word_1_126' title='bbox 567 1987 601 2031; x_wconf 80' lang='grc' dir='ltr'>ιι.</span> <span class='ocrx_word' id='word_1_127' title='bbox 620 1987 659 2030; x_wconf 88' lang='lat' dir='ltr'>ex</span> <span class='ocrx_word' id='word_1_128' title='bbox 677 1965 905 2051; x_wconf 85' lang='lat' dir='ltr'>Xenophonte:</span> <span class='ocrx_word' id='word_1_129' title='bbox 922 1967 1073 2030; x_wconf 82' lang='lat' dir='ltr'>redditur</span> <span class='ocrx_word' id='word_1_130' title='bbox 1090 1978 1185 2030; x_wconf 70' lang='lat' dir='ltr'>terroe</span> <span class='ocrx_word' id='word_1_131' title='bbox 1202 1984 1326 2048; x_wconf 81' lang='lat' dir='ltr'>corpus,</span> 
     </span>
     <span class='ocr_line' id='line_1_19' title="bbox 226 2065 1326 2150; baseline -0.004 -21"><span class='ocrx_word' id='word_1_132' title='bbox 226 2067 324 2129; x_wconf 83' lang='lat' dir='ltr'>etita</span> <span class='ocrx_word' id='word_1_133' title='bbox 342 2065 482 2130; x_wconf 71' lang='lat' dir='ltr'>boatum</span> <span class='ocrx_word' id='word_1_134' title='bbox 498 2087 539 2131; x_wconf 86' lang='lat' dir='ltr'>ac</span> <span class='ocrx_word' id='word_1_135' title='bbox 558 2067 658 2130; x_wconf 82' lang='lat' dir='ltr'>situm</span> <span class='ocrx_word' id='word_1_136' title='bbox 674 2067 771 2150; x_wconf 74' lang='lat' dir='ltr'>quasi</span> <span class='ocrx_word' id='word_1_137' title='bbox 790 2066 984 2150; x_wconf 77' lang='lat' dir='ltr'>operimento</span> <span class='ocrx_word' id='word_1_138' title='bbox 1005 2066 1125 2130; x_wconf 79' lang='lat' dir='ltr'>matris</span> <span class='ocrx_word' id='word_1_139' title='bbox 1145 2065 1326 2129; x_wconf 77' lang='lat' dir='ltr'>obducitur.</span> 
     </span>
    </p>
   </div>
   <div class='ocr_carea' id='block_1_8' title="bbox 225 2237 1331 3571">
    <p class='ocr_par' dir='ltr' id='par_1_10' title="bbox 225 2237 1331 3571">
     <span class='ocr_line' id='line_1_20' title="bbox 271 2237 1329 2300; baseline -0.002 -18"><span class='ocrx_word' id='word_1_140' title='bbox 271 2247 283 2281; x_wconf 81' lang='lat' dir='ltr'>s</span> <span class='ocrx_word' id='word_1_141' title='bbox 298 2237 339 2284; x_wconf 76' lang='lat' dir='ltr'>Es</span> <span class='ocrx_word' id='word_1_142' title='bbox 350 2242 416 2284; x_wconf 84' lang='lat' dir='ltr'>terra</span> <span class='ocrx_word' id='word_1_143' title='bbox 425 2241 503 2285; x_wconf 82' lang='lat' dir='ltr'>ortum</span> <span class='ocrx_word' id='word_1_144' title='bbox 511 2243 580 2287; x_wconf 79' lang='lat' dir='ltr'>term</span> <span class='ocrx_word' id='word_1_145' title='bbox 588 2238 678 2300; x_wconf 77' lang='lat' dir='ltr'>deberi]</span> <span class='ocrx_word' id='word_1_146' title='bbox 693 2238 749 2287; x_wconf 82' lang='lat' dir='ltr'>Job.</span> <span class='ocrx_word' id='word_1_147' title='bbox 795 2238 851 2298; x_wconf 79' lang='lat' dir='ltr'>jum</span> <span class='ocrx_word' id='word_1_148' title='bbox 860 2237 995 2299; x_wconf 72' lang='lat' dir='ltr'>dejissctum</span> <span class='ocrx_word' id='word_1_149' title='bbox 1005 2242 1129 2298; x_wconf 75' lang='lat' dir='ltr'>portantes</span> <span class='ocrx_word' id='word_1_150' title='bbox 1140 2252 1169 2284; x_wconf 81' lang='lat' dir='ltr'>nc</span> <span class='ocrx_word' id='word_1_151' title='bbox 1182 2237 1329 2283; x_wconf 79' lang='lat' dir='ltr'>laceraretur</span> 
     </span>
     <span class='ocr_line' id='line_1_21' title="bbox 227 2309 1328 2376; baseline -0.007 -13"><span class='ocrx_word' id='word_1_152' title='bbox 227 2331 250 2364; x_wconf 85' lang='lat' dir='ltr'>x.</span> <span class='ocrx_word' id='word_1_153' title='bbox 265 2317 289 2365; x_wconf 84' lang='lat' dir='ltr'>il.</span> <span class='ocrx_word' id='word_1_154' title='bbox 304 2315 375 2362; x_wconf 86' lang='lat' dir='ltr'>Philo</span> <span class='ocrx_word' id='word_1_155' title='bbox 389 2315 415 2361; x_wconf 83' lang='lat' dir='ltr'>in</span> <span class='ocrx_word' id='word_1_156' title='bbox 430 2314 559 2362; x_wconf 66' lang='lat' dir='ltr'>Flaccum:</span> <span class='ocrx_word' id='word_1_157' title='bbox 584 2314 723 2376; x_wconf 69' lang='grc' dir='ltr'><strong><em>ἀνθρώποις</em></strong></span> <span class='ocrx_word' id='word_1_158' title='bbox 737 2315 752 2370; x_wconf 77' lang='lat' dir='ltr'>sl</span> <span class='ocrx_word' id='word_1_159' title='bbox 802 2313 914 2360; x_wconf 78' lang='lat' dir='ltr'>adclinis.</span> <span class='ocrx_word' id='word_1_160' title='bbox 932 2314 965 2360; x_wconf 88' lang='lat' dir='ltr'>Et</span> <span class='ocrx_word' id='word_1_161' title='bbox 972 2313 1002 2359; x_wconf 92' lang='lat' dir='ltr'>de</span> <span class='ocrx_word' id='word_1_162' title='bbox 1008 2313 1101 2373; x_wconf 82' lang='lat' dir='ltr'>Apibus</span> <span class='ocrx_word' id='word_1_163' title='bbox 1107 2309 1328 2372; x_wconf 70' lang='lat' dir='ltr'>VirgiliustGeorq.</span> 
     </span>
     <span class='ocr_line' id='line_1_22' title="bbox 227 2389 918 2452; baseline -0.007 -13"><span class='ocrx_word' id='word_1_164' title='bbox 227 2393 303 2452; x_wconf 70' lang='lat' dir='ltr'>spires</span> <span class='ocrx_word' id='word_1_165' title='bbox 312 2389 464 2451; x_wconf 64' lang='grc' dir='ltr'><strong><em>οἰκειότερον</em></strong></span> <span class='ocrx_word' id='word_1_166' title='bbox 470 2392 563 2452; x_wconf 80' lang='grc' dir='ltr'><strong><em>χωρίον</em></strong></span> <span class='ocrx_word' id='word_1_167' title='bbox 570 2391 754 2452; x_wconf 56' lang='lat' dir='ltr'>antespasto,</span> <span class='ocrx_word' id='word_1_168' title='bbox 803 2400 838 2435; x_wconf 75' lang='lat' dir='ltr'>iv.</span> <span class='ocrx_word' id='word_1_169' title='bbox 850 2389 918 2448; x_wconf 78' lang='lat'>256):</span> 
     </span>
     <span class='ocr_line' id='line_1_23' title="bbox 226 2458 1190 2526; baseline -0.001 -13"><span class='ocrx_word' id='word_1_170' title='bbox 226 2469 255 2513; x_wconf 88' lang='lat' dir='ltr'>ob</span> <span class='ocrx_word' id='word_1_171' title='bbox 265 2467 340 2526; x_wconf 86' lang='grc' dir='ltr'><strong><em>μόνον</em></strong></span> <span class='ocrx_word' id='word_1_172' title='bbox 350 2468 433 2526; x_wconf 79' lang='grc' dir='ltr'><strong><em>ζῶσιν,</em></strong></span> <span class='ocrx_word' id='word_1_173' title='bbox 442 2465 511 2513; x_wconf 70' lang='grc' dir='ltr'>ἄλλα</span> <span class='ocrx_word' id='word_1_174' title='bbox 521 2467 563 2513; x_wconf 69' lang='grc' dir='ltr'>καὶ</span> <span class='ocrx_word' id='word_1_175' title='bbox 574 2466 751 2524; x_wconf 69' lang='grc' dir='ltr'>ἀποθανοῦσιν,</span> <span class='ocrx_word' id='word_1_176' title='bbox 870 2458 1070 2526; x_wconf 69' lang='lat' dir='ltr'>’lumeorponluoe</span> <span class='ocrx_word' id='word_1_177' title='bbox 1078 2479 1190 2524; x_wconf 61' lang='lat' dir='ltr'>amium,</span> 
     </span>
     <span class='ocr_line' id='line_1_24' title="bbox 225 2539 1259 2598; baseline -0.01 -11"><span class='ocrx_word' id='word_1_178' title='bbox 225 2542 257 2588; x_wconf 78' lang='grc' dir='ltr'>ἵν’</span> <span class='ocrx_word' id='word_1_179' title='bbox 267 2542 282 2596; x_wconf 75' lang='lat' dir='ltr'>ri</span> <span class='ocrx_word' id='word_1_180' title='bbox 293 2540 356 2595; x_wconf 74' lang='lat' dir='ltr'>cirri</span> <span class='ocrx_word' id='word_1_181' title='bbox 367 2542 408 2586; x_wconf 72' lang='grc' dir='ltr'>καὶ</span> <span class='ocrx_word' id='word_1_182' title='bbox 418 2540 465 2594; x_wconf 74' lang='grc' dir='ltr'>τήν</span> <span class='ocrx_word' id='word_1_183' title='bbox 479 2539 582 2597; x_wconf 72' lang='grc' dir='ltr'>πρώτην</span> <span class='ocrx_word' id='word_1_184' title='bbox 599 2539 754 2598; x_wconf 76' lang='grc' dir='ltr'>ὑποδέχηται</span> <span class='ocrx_word' id='word_1_185' title='bbox 803 2540 986 2589; x_wconf 73' lang='lat' dir='ltr'>Expomsnttectis,</span> <span class='ocrx_word' id='word_1_186' title='bbox 995 2544 1016 2580; x_wconf 89' lang='lat' dir='ltr'>ot</span> <span class='ocrx_word' id='word_1_187' title='bbox 1024 2541 1167 2580; x_wconf 75' lang='lat' dir='ltr'>tdstiuhsners</span> <span class='ocrx_word' id='word_1_188' title='bbox 1174 2541 1259 2578; x_wconf 78' lang='lat' dir='ltr'>ducunt</span> 
     </span>
     <span class='ocr_line' id='line_1_25' title="bbox 227 2615 1319 2680; baseline 0.003 -18"><span class='ocrx_word' id='word_1_189' title='bbox 227 2617 336 2677; x_wconf 75' lang='grc' dir='ltr'>γένεσιν,</span> <span class='ocrx_word' id='word_1_190' title='bbox 346 2615 440 2670; x_wconf 67' lang='lat' dir='ltr'>»scirtius</span> <span class='ocrx_word' id='word_1_191' title='bbox 447 2617 475 2662; x_wconf 75' lang='grc' dir='ltr'>ἐκ</span> <span class='ocrx_word' id='word_1_192' title='bbox 481 2616 529 2660; x_wconf 75' lang='grc' dir='ltr'>τοῦ</span> <span class='ocrx_word' id='word_1_193' title='bbox 535 2617 592 2674; x_wconf 81' lang='grc' dir='ltr'>βίον</span> <span class='ocrx_word' id='word_1_194' title='bbox 600 2615 753 2661; x_wconf 75' lang='grc' dir='ltr'>τελευταίαν</span> <span class='ocrx_word' id='word_1_195' title='bbox 803 2620 914 2666; x_wconf 61' lang='lat' dir='ltr'>Servium</span> <span class='ocrx_word' id='word_1_196' title='bbox 929 2634 980 2666; x_wconf 82' lang='lat' dir='ltr'>cum</span> <span class='ocrx_word' id='word_1_197' title='bbox 986 2620 1117 2680; x_wconf 73' lang='lat' dir='ltr'>exsequiali</span> <span class='ocrx_word' id='word_1_198' title='bbox 1126 2619 1215 2666; x_wconf 76' lang='lat' dir='ltr'>scilicet</span> <span class='ocrx_word' id='word_1_199' title='bbox 1221 2634 1319 2679; x_wconf 82' lang='lat' dir='ltr'>pompa.</span> 
     </span>
     <span class='ocr_line' id='line_1_26' title="bbox 225 2689 1330 2749; baseline 0.003 -12"><span class='ocrx_word' id='word_1_200' title='bbox 225 2690 357 2738; x_wconf 77' lang='grc' dir='ltr'>ἀνάλυσιν.</span> <span class='ocrx_word' id='word_1_201' title='bbox 387 2689 518 2749; x_wconf 72' lang='lat' dir='ltr'>Proprium</span> <span class='ocrx_word' id='word_1_202' title='bbox 532 2689 663 2735; x_wconf 78' lang='lat' dir='ltr'>hominibus</span> <span class='ocrx_word' id='word_1_203' title='bbox 677 2689 753 2735; x_wconf 80' lang='lat' dir='ltr'>locum</span> <span class='ocrx_word' id='word_1_204' title='bbox 848 2693 924 2739; x_wconf 69' lang='lat' dir='ltr'>‘Non</span> <span class='ocrx_word' id='word_1_205' title='bbox 935 2694 960 2738; x_wconf 91' lang='lat' dir='ltr'>ld</span> <span class='ocrx_word' id='word_1_206' title='bbox 969 2693 1029 2740; x_wconf 84' lang='lat' dir='ltr'>dixit</span> <span class='ocrx_word' id='word_1_207' title='bbox 1037 2693 1205 2740; x_wconf 88' lang='lat' dir='ltr'>Democritus:</span> <span class='ocrx_word' id='word_1_208' title='bbox 1221 2695 1263 2740; x_wconf 87' lang='lat' dir='ltr'>sed</span> <span class='ocrx_word' id='word_1_209' title='bbox 1274 2709 1330 2740; x_wconf 84' lang='lat' dir='ltr'>ecoe</span> 
     </span>
     <span class='ocr_line' id='line_1_27' title="bbox 226 2766 1330 2828; baseline 0.002 -14"><span class='ocrx_word' id='word_1_210' title='bbox 226 2773 316 2814; x_wconf 82' lang='lat' dir='ltr'>nutura</span> <span class='ocrx_word' id='word_1_211' title='bbox 326 2773 413 2813; x_wconf 82' lang='lat' dir='ltr'>terram</span> <span class='ocrx_word' id='word_1_212' title='bbox 422 2766 514 2820; x_wconf 76' lang='lat' dir='ltr'>tribuit,</span> <span class='ocrx_word' id='word_1_213' title='bbox 528 2779 569 2812; x_wconf 82' lang='lat' dir='ltr'>nse</span> <span class='ocrx_word' id='word_1_214' title='bbox 583 2767 644 2812; x_wconf 68' lang='lat' dir='ltr'>sicis</span> <span class='ocrx_word' id='word_1_215' title='bbox 656 2771 753 2824; x_wconf 83' lang='lat' dir='ltr'>tantum,</span> <span class='ocrx_word' id='word_1_216' title='bbox 802 2768 876 2815; x_wconf 78' lang='lat' dir='ltr'>verbs</span> <span class='ocrx_word' id='word_1_217' title='bbox 892 2768 1101 2828; x_wconf 81' lang='lat' dir='ltr'>Pn1s11,quorum</span> <span class='ocrx_word' id='word_1_218' title='bbox 1116 2781 1212 2814; x_wconf 81' lang='lat' dir='ltr'>sensum</span> <span class='ocrx_word' id='word_1_219' title='bbox 1226 2771 1330 2816; x_wconf 67' lang='lat' dir='ltr'>mutavit</span> 
     </span>
     <span class='ocr_line' id='line_1_28' title="bbox 226 2841 1330 2903; baseline 0 -13"><span class='ocrx_word' id='word_1_220' title='bbox 226 2844 269 2891; x_wconf 86' lang='lat' dir='ltr'>ssd</span> <span class='ocrx_word' id='word_1_221' title='bbox 288 2848 310 2890; x_wconf 79' lang='lat' dir='ltr'>et</span> <span class='ocrx_word' id='word_1_222' title='bbox 326 2842 433 2895; x_wconf 84' lang='lat' dir='ltr'>mortuis,</span> <span class='ocrx_word' id='word_1_223' title='bbox 450 2846 477 2887; x_wconf 81' lang='lat' dir='ltr'>ut</span> <span class='ocrx_word' id='word_1_224' title='bbox 494 2841 574 2888; x_wconf 78' lang='lat' dir='ltr'>eadem</span> <span class='ocrx_word' id='word_1_225' title='bbox 593 2856 646 2902; x_wconf 80' lang='lat' dir='ltr'>quoe</span> <span class='ocrx_word' id='word_1_226' title='bbox 660 2842 754 2901; x_wconf 82' lang='lat' dir='ltr'>primos</span> <span class='ocrx_word' id='word_1_227' title='bbox 805 2845 908 2903; x_wconf 81' lang='lat' dir='ltr'>Auctor,</span> <span class='ocrx_word' id='word_1_228' title='bbox 922 2844 979 2889; x_wconf 90' lang='lat' dir='ltr'>dnm</span> <span class='ocrx_word' id='word_1_229' title='bbox 999 2859 1029 2891; x_wconf 84' lang='lat' dir='ltr'>ex</span> <span class='ocrx_word' id='word_1_230' title='bbox 1049 2845 1163 2891; x_wconf 83' lang='lat' dir='ltr'>memoris</span> <span class='ocrx_word' id='word_1_231' title='bbox 1183 2845 1275 2902; x_wconf 79' lang='lat' dir='ltr'>citaret,</span> <span class='ocrx_word' id='word_1_232' title='bbox 1292 2847 1330 2892; x_wconf 84' lang='lat' dir='ltr'>vel</span> 
     </span>
     <span class='ocr_line' id='line_1_29' title="bbox 226 2916 1330 2980; baseline -0.001 -14"><span class='ocrx_word' id='word_1_233' title='bbox 226 2918 328 2978; x_wconf 76' lang='lat' dir='ltr'>suscepit</span> <span class='ocrx_word' id='word_1_234' title='bbox 337 2916 434 2974; x_wconf 74' lang='lat' dir='ltr'>miudes,</span> <span class='ocrx_word' id='word_1_235' title='bbox 444 2916 560 2976; x_wconf 67' lang='lat' dir='ltr'>accipiat</span> <span class='ocrx_word' id='word_1_236' title='bbox 570 2921 631 2962; x_wconf 73' lang='lat' dir='ltr'>etex</span> <span class='ocrx_word' id='word_1_237' title='bbox 643 2916 689 2964; x_wconf 82' lang='lat' dir='ltr'>hac</span> <span class='ocrx_word' id='word_1_238' title='bbox 703 2918 754 2963; x_wconf 83' lang='lat' dir='ltr'>uita</span> <span class='ocrx_word' id='word_1_239' title='bbox 803 2919 946 2967; x_wconf 73' lang='lat' dir='ltr'>festinanter</span> <span class='ocrx_word' id='word_1_240' title='bbox 955 2920 1062 2980; x_wconf 81' lang='lat' dir='ltr'>legeret:</span> <span class='ocrx_word' id='word_1_241' title='bbox 1074 2919 1166 2966; x_wconf 79' lang='lat' dir='ltr'>Similis</span> <span class='ocrx_word' id='word_1_242' title='bbox 1175 2925 1209 2965; x_wconf 74' lang='lat' dir='ltr'>est</span> <span class='ocrx_word' id='word_1_243' title='bbox 1218 2925 1240 2965; x_wconf 86' lang='lat' dir='ltr'>et</span> <span class='ocrx_word' id='word_1_244' title='bbox 1250 2920 1330 2966; x_wconf 80' lang='lat' dir='ltr'>dend-</span> 
     </span>
     <span class='ocr_line' id='line_1_30' title="bbox 227 2992 1329 3055; baseline -0.001 -14"><span class='ocrx_word' id='word_1_245' title='bbox 227 2995 322 3042; x_wconf 76' lang='lat' dir='ltr'>eritum.</span> <span class='ocrx_word' id='word_1_246' title='bbox 347 2993 420 3054; x_wconf 81' lang='lat' dir='ltr'>(Peg.</span> <span class='ocrx_word' id='word_1_247' title='bbox 433 2992 477 3040; x_wconf 88' lang='grc'>991</span> <span class='ocrx_word' id='word_1_248' title='bbox 489 2993 527 3053; x_wconf 85' lang='lat' dir='ltr'>c.)</span> <span class='ocrx_word' id='word_1_249' title='bbox 558 2994 681 3051; x_wconf 72' lang='lat' dir='ltr'>Attamen,</span> <span class='ocrx_word' id='word_1_250' title='bbox 691 2994 754 3040; x_wconf 88' lang='lat' dir='ltr'>sicut</span> <span class='ocrx_word' id='word_1_251' title='bbox 803 2995 1073 3055; x_wconf 72' lang='lat' dir='ltr'>renaudissorporihus</span> <span class='ocrx_word' id='word_1_252' title='bbox 1088 2995 1253 3050; x_wconf 61' lang='lat' dir='ltr'>hominumue</span> <span class='ocrx_word' id='word_1_253' title='bbox 1267 2996 1329 3040; x_wconf 83' lang='lat' dir='ltr'>reui-</span> 
     </span>
     <span class='ocr_line' id='line_1_31' title="bbox 227 3066 1331 3130; baseline -0.002 -15"><span class='ocrx_word' id='word_1_254' title='bbox 227 3070 321 3115; x_wconf 91' lang='lat' dir='ltr'>nullnm</span> <span class='ocrx_word' id='word_1_255' title='bbox 331 3066 508 3114; x_wconf 87' lang='lat' dir='ltr'>estinhomine</span> <span class='ocrx_word' id='word_1_256' title='bbox 520 3067 611 3113; x_wconf 78' lang='lat' dir='ltr'>isctnrn</span> <span class='ocrx_word' id='word_1_257' title='bbox 627 3067 754 3126; x_wconf 83' lang='lat' dir='ltr'>lsudcbile,</span> <span class='ocrx_word' id='word_1_258' title='bbox 804 3069 916 3128; x_wconf 79' lang='lat' dir='ltr'>rissendi,</span> <span class='ocrx_word' id='word_1_259' title='bbox 930 3071 1052 3130; x_wconf 69' lang='lat' dir='ltr'>prombsa</span> <span class='ocrx_word' id='word_1_260' title='bbox 1070 3069 1208 3116; x_wconf 80' lang='lat' dir='ltr'>Democrito</span> <span class='ocrx_word' id='word_1_261' title='bbox 1228 3069 1331 3125; x_wconf 81' lang='lat' dir='ltr'>vanitas,</span> 
     </span>
     <span class='ocr_line' id='line_1_32' title="bbox 227 3139 1331 3204; baseline 0.001 -16"><span class='ocrx_word' id='word_1_262' title='bbox 227 3139 528 3203; x_wconf 80' lang='lat' dir='ltr'>cnjnsnonvsstigiumin</span> <span class='ocrx_word' id='word_1_263' title='bbox 543 3139 590 3185; x_wconf 82' lang='lat' dir='ltr'>ullo</span> <span class='ocrx_word' id='word_1_264' title='bbox 605 3139 686 3201; x_wconf 87' lang='lat' dir='ltr'>eliquo</span> <span class='ocrx_word' id='word_1_265' title='bbox 701 3140 752 3185; x_wconf 85' lang='lat' dir='ltr'>cni·</span> <span class='ocrx_word' id='word_1_266' title='bbox 804 3145 1063 3204; x_wconf 72' lang='lat' dir='ltr'>pninonreos&#39;sitipss.</span> <span class='ocrx_word' id='word_1_267' title='bbox 1093 3143 1183 3203; x_wconf 80' lang='lat' dir='ltr'>Agitur</span> <span class='ocrx_word' id='word_1_268' title='bbox 1192 3144 1225 3188; x_wconf 90' lang='lat' dir='ltr'>ibi</span> <span class='ocrx_word' id='word_1_269' title='bbox 1236 3147 1331 3188; x_wconf 79' lang='lat' dir='ltr'>tuntum</span> 
     </span>
     <span class='ocr_line' id='line_1_33' title="bbox 226 3215 1331 3279; baseline -0.005 -18"><span class='ocrx_word' id='word_1_270' title='bbox 226 3217 343 3262; x_wconf 85' lang='lat' dir='ltr'>mentium</span> <span class='ocrx_word' id='word_1_271' title='bbox 362 3228 450 3275; x_wconf 79' lang='lat' dir='ltr'>genere</span> <span class='ocrx_word' id='word_1_272' title='bbox 465 3215 533 3260; x_wconf 87' lang='lat' dir='ltr'>Deus</span> <span class='ocrx_word' id='word_1_273' title='bbox 549 3215 663 3274; x_wconf 88' lang='lat' dir='ltr'>posuerit,</span> <span class='ocrx_word' id='word_1_274' title='bbox 680 3215 714 3260; x_wconf 87' lang='lat' dir='ltr'>itc</span> <span class='ocrx_word' id='word_1_275' title='bbox 730 3219 755 3260; x_wconf 89' lang='lat' dir='ltr'>et</span> <span class='ocrx_word' id='word_1_276' title='bbox 805 3219 836 3265; x_wconf 91' lang='lat' dir='ltr'>ds</span> <span class='ocrx_word' id='word_1_277' title='bbox 850 3220 1024 3266; x_wconf 87' lang='lat' dir='ltr'>resurrectione</span> <span class='ocrx_word' id='word_1_278' title='bbox 1038 3220 1149 3279; x_wconf 81' lang='lat' dir='ltr'>quedam,</span> <span class='ocrx_word' id='word_1_279' title='bbox 1164 3217 1231 3278; x_wconf 87' lang='lat' dir='ltr'>cujus</span> <span class='ocrx_word' id='word_1_280' title='bbox 1246 3218 1331 3277; x_wconf 79' lang='lat' dir='ltr'>imagi.</span> 
     </span>
     <span class='ocr_line' id='line_1_34' title="bbox 227 3286 1331 3348; baseline -0.002 -15"><span class='ocrx_word' id='word_1_281' title='bbox 227 3289 252 3333; x_wconf 88' lang='lat' dir='ltr'>in</span> <span class='ocrx_word' id='word_1_282' title='bbox 271 3289 315 3333; x_wconf 86' lang='lat' dir='ltr'>huc</span> <span class='ocrx_word' id='word_1_283' title='bbox 329 3301 356 3333; x_wconf 86' lang='lat' dir='ltr'>re</span> <span class='ocrx_word' id='word_1_284' title='bbox 371 3287 463 3334; x_wconf 81' lang='lat' dir='ltr'>evenit:</span> <span class='ocrx_word' id='word_1_285' title='bbox 483 3288 514 3332; x_wconf 89' lang='lat' dir='ltr'>de</span> <span class='ocrx_word' id='word_1_286' title='bbox 529 3286 644 3332; x_wconf 81' lang='lat' dir='ltr'>Formicis</span> <span class='ocrx_word' id='word_1_287' title='bbox 664 3288 755 3333; x_wconf 88' lang='lat' dir='ltr'>Plinius</span> <span class='ocrx_word' id='word_1_288' title='bbox 805 3304 860 3335; x_wconf 89' lang='lat' dir='ltr'>nem</span> <span class='ocrx_word' id='word_1_289' title='bbox 871 3291 915 3335; x_wconf 90' lang='lat' dir='ltr'>sibi</span> <span class='ocrx_word' id='word_1_290' title='bbox 926 3291 1027 3336; x_wconf 79' lang='lat' dir='ltr'>finxerat</span> <span class='ocrx_word' id='word_1_291' title='bbox 1038 3289 1204 3348; x_wconf 87' lang='lat' dir='ltr'>Philosophus,</span> <span class='ocrx_word' id='word_1_292' title='bbox 1212 3301 1331 3346; x_wconf 86' lang='lat' dir='ltr'>quemque</span> 
     </span>
     <span class='ocr_line' id='line_1_35' title="bbox 227 3360 1331 3420; baseline -0.003 -13"><span class='ocrx_word' id='word_1_293' title='bbox 227 3361 289 3407; x_wconf 91' lang='lat' dir='ltr'>libro</span> <span class='ocrx_word' id='word_1_294' title='bbox 308 3374 346 3406; x_wconf 78' lang='lat' dir='ltr'>xi.</span> <span class='ocrx_word' id='word_1_295' title='bbox 366 3363 406 3408; x_wconf 81' lang='grc'>30.</span> <span class='ocrx_word' id='word_1_296' title='bbox 432 3360 582 3420; x_wconf 63' lang='lat' dir='ltr'>deportentur</span> <span class='ocrx_word' id='word_1_297' title='bbox 602 3361 663 3406; x_wconf 83' lang='lat' dir='ltr'>inter</span> <span class='ocrx_word' id='word_1_298' title='bbox 678 3374 703 3406; x_wconf 80' lang='lat' dir='ltr'>se</span> <span class='ocrx_word' id='word_1_299' title='bbox 718 3363 754 3406; x_wconf 80' lang='lat' dir='ltr'>ei·</span> <span class='ocrx_word' id='word_1_300' title='bbox 804 3362 897 3408; x_wconf 81' lang='lat' dir='ltr'>Plinius</span> <span class='ocrx_word' id='word_1_301' title='bbox 917 3367 987 3408; x_wconf 84' lang='lat' dir='ltr'>vocet</span> <span class='ocrx_word' id='word_1_302' title='bbox 1000 3362 1186 3407; x_wconf 74' lang='lat' dir='ltr'>ademationem</span> <span class='ocrx_word' id='word_1_303' title='bbox 1206 3374 1331 3418; x_wconf 82' lang='lat' dir='ltr'>corporum</span> 
     </span>
     <span class='ocr_line' id='line_1_36' title="bbox 226 3435 1330 3495; baseline -0.005 -12"><span class='ocrx_word' id='word_1_304' title='bbox 226 3435 490 3495; x_wconf 80' lang='lat' dir='ltr'>nentiumsoloe,proeter</span> <span class='ocrx_word' id='word_1_305' title='bbox 499 3435 620 3481; x_wconf 78' lang='lat' dir='ltr'>bominem.</span> <span class='ocrx_word' id='word_1_306' title='bbox 631 3436 667 3480; x_wconf 82' lang='lat' dir='ltr'>At</span> <span class='ocrx_word' id='word_1_307' title='bbox 676 3435 755 3494; x_wconf 88' lang='lat' dir='ltr'>isipse</span> <span class='ocrx_word' id='word_1_308' title='bbox 804 3438 971 3484; x_wconf 74' lang='lat' dir='ltr'>humanorum.</span> <span class='ocrx_word' id='word_1_309' title='bbox 1003 3439 1097 3483; x_wconf 81' lang='lat' dir='ltr'>Auctor</span> <span class='ocrx_word' id='word_1_310' title='bbox 1111 3437 1149 3481; x_wconf 82' lang='lat' dir='ltr'>vel</span> <span class='ocrx_word' id='word_1_311' title='bbox 1169 3435 1237 3495; x_wconf 83' lang='lat' dir='ltr'>legit,</span> <span class='ocrx_word' id='word_1_312' title='bbox 1253 3436 1291 3479; x_wconf 83' lang='lat' dir='ltr'>sel</span> <span class='ocrx_word' id='word_1_313' title='bbox 1306 3436 1330 3479; x_wconf 90' lang='lat' dir='ltr'>in</span> 
     </span>
     <span class='ocr_line' id='line_1_37' title="bbox 227 3507 1331 3571; baseline -0.006 -14"><span class='ocrx_word' id='word_1_314' title='bbox 227 3512 258 3557; x_wconf 91' lang='lat' dir='ltr'>de</span> <span class='ocrx_word' id='word_1_315' title='bbox 279 3509 406 3571; x_wconf 87' lang='lat' dir='ltr'>Delphinis</span> <span class='ocrx_word' id='word_1_316' title='bbox 426 3510 479 3556; x_wconf 89' lang='lat' dir='ltr'>Lib.</span> <span class='ocrx_word' id='word_1_317' title='bbox 500 3522 538 3555; x_wconf 85' lang='lat' dir='ltr'>1x.</span> <span class='ocrx_word' id='word_1_318' title='bbox 557 3509 580 3555; x_wconf 86' lang='grc'>8.</span> <span class='ocrx_word' id='word_1_319' title='bbox 595 3509 756 3568; x_wconf 73' lang='lat' dir='ltr'>compertique</span> <span class='ocrx_word' id='word_1_320' title='bbox 805 3515 885 3556; x_wconf 90' lang='lat' dir='ltr'>mente</span> <span class='ocrx_word' id='word_1_321' title='bbox 905 3510 998 3568; x_wconf 79' lang='lat' dir='ltr'>hebuit,</span> <span class='ocrx_word' id='word_1_322' title='bbox 1018 3509 1087 3570; x_wconf 80' lang='lat' dir='ltr'>qussi</span> <span class='ocrx_word' id='word_1_323' title='bbox 1107 3509 1179 3554; x_wconf 84' lang='lat' dir='ltr'>verbs</span> <span class='ocrx_word' id='word_1_324' title='bbox 1198 3507 1232 3552; x_wconf 89' lang='lat' dir='ltr'>sic</span> <span class='ocrx_word' id='word_1_325' title='bbox 1252 3508 1331 3565; x_wconf 79' lang='lat' dir='ltr'>posits</span> 
     </span>
    </p>
   </div>
   <div class='ocr_carea' id='block_1_9' title="bbox 227 3756 1333 4349">
    <p class='ocr_par' dir='ltr' id='par_1_11' title="bbox 227 3756 1333 4175">
     <span class='ocr_line' id='line_1_38' title="bbox 227 3756 1331 3830; baseline -0.005 -13"><span class='ocrx_word' id='word_1_326' title='bbox 227 3761 304 3817; x_wconf 68' lang='lat' dir='ltr'>canit</span> <span class='ocrx_word' id='word_1_327' title='bbox 325 3778 356 3815; x_wconf 85' lang='lat' dir='ltr'>as</span> <span class='ocrx_word' id='word_1_328' title='bbox 377 3761 400 3815; x_wconf 83' lang='lat' dir='ltr'>it</span> <span class='ocrx_word' id='word_1_329' title='bbox 421 3778 486 3825; x_wconf 86' lang='lat' dir='ltr'>was,</span> <span class='ocrx_word' id='word_1_330' title='bbox 504 3761 562 3814; x_wconf 76' lang='lat' dir='ltr'>and</span> <span class='ocrx_word' id='word_1_331' title='bbox 575 3761 616 3814; x_wconf 76' lang='lat' dir='ltr'>tto</span> <span class='ocrx_word' id='word_1_332' title='bbox 629 3760 708 3830; x_wconf 84' lang='lat' dir='ltr'>spirit</span> <span class='ocrx_word' id='word_1_333' title='bbox 725 3760 796 3814; x_wconf 82' lang='lat' dir='ltr'>eboli</span> <span class='ocrx_word' id='word_1_334' title='bbox 810 3769 905 3814; x_wconf 77' lang='lat' dir='ltr'>return</span> <span class='ocrx_word' id='word_1_335' title='bbox 920 3769 945 3814; x_wconf 91' lang='lat' dir='ltr'>to</span> <span class='ocrx_word' id='word_1_336' title='bbox 963 3759 1026 3813; x_wconf 79' lang='lat' dir='ltr'>God</span> <span class='ocrx_word' id='word_1_337' title='bbox 1044 3757 1103 3812; x_wconf 77' lang='lat' dir='ltr'>who</span> <span class='ocrx_word' id='word_1_338' title='bbox 1115 3774 1182 3828; x_wconf 79' lang='lat' dir='ltr'>yaus</span> <span class='ocrx_word' id='word_1_339' title='bbox 1200 3758 1230 3811; x_wconf 87' lang='lat' dir='ltr'>it.</span> <span class='ocrx_word' id='word_1_340' title='bbox 1276 3756 1331 3811; x_wconf 85' lang='lat' dir='ltr'>See</span> 
     </span>
     <span class='ocr_line' id='line_1_39' title="bbox 227 3842 1332 3919; baseline -0.005 -16"><span class='ocrx_word' id='word_1_341' title='bbox 227 3846 377 3919; x_wconf 85' lang='lat' dir='ltr'>Euripides</span> <span class='ocrx_word' id='word_1_342' title='bbox 387 3865 396 3911; x_wconf 86' lang='lat'>;</span> <span class='ocrx_word' id='word_1_343' title='bbox 417 3846 581 3911; x_wconf 85' lang='lat' dir='ltr'>Lucretius;</span> <span class='ocrx_word' id='word_1_344' title='bbox 602 3845 709 3911; x_wconf 76' lang='lat' dir='ltr'>Cicero,</span> <span class='ocrx_word' id='word_1_345' title='bbox 728 3846 803 3901; x_wconf 88' lang='lat' dir='ltr'>from</span> <span class='ocrx_word' id='word_1_346' title='bbox 822 3845 991 3917; x_wconf 84' lang='lat' dir='ltr'>Xenophon.</span> <span class='ocrx_word' id='word_1_347' title='bbox 1026 3844 1110 3916; x_wconf 82' lang='lat' dir='ltr'>Pliny</span> <span class='ocrx_word' id='word_1_348' title='bbox 1122 3860 1184 3915; x_wconf 80' lang='lat' dir='ltr'>says</span> <span class='ocrx_word' id='word_1_349' title='bbox 1202 3842 1264 3897; x_wconf 84' lang='lat' dir='ltr'>that</span> <span class='ocrx_word' id='word_1_350' title='bbox 1283 3842 1332 3898; x_wconf 91' lang='lat' dir='ltr'>the</span> 
     </span>
     <span class='ocr_line' id='line_1_40' title="bbox 228 3930 1333 3999; baseline -0.003 -12"><span class='ocrx_word' id='word_1_351' title='bbox 228 3933 310 3987; x_wconf 84' lang='lat' dir='ltr'>enrth</span> <span class='ocrx_word' id='word_1_352' title='bbox 330 3933 452 3988; x_wconf 79' lang='lat' dir='ltr'>receives</span> <span class='ocrx_word' id='word_1_353' title='bbox 472 3949 505 3987; x_wconf 90' lang='lat' dir='ltr'>us</span> <span class='ocrx_word' id='word_1_354' title='bbox 520 3931 600 3986; x_wconf 81' lang='lat' dir='ltr'>when</span> <span class='ocrx_word' id='word_1_355' title='bbox 622 3949 664 3986; x_wconf 87' lang='lat' dir='ltr'>we</span> <span class='ocrx_word' id='word_1_356' title='bbox 681 3949 729 3987; x_wconf 83' lang='lat' dir='ltr'>ere</span> <span class='ocrx_word' id='word_1_357' title='bbox 744 3932 846 3996; x_wconf 80' lang='lat' dir='ltr'>born*,</span> <span class='ocrx_word' id='word_1_358' title='bbox 862 3930 1009 3986; x_wconf 89' lang='lat' dir='ltr'>nourishes</span> <span class='ocrx_word' id='word_1_359' title='bbox 1028 3947 1061 3984; x_wconf 90' lang='lat' dir='ltr'>us</span> <span class='ocrx_word' id='word_1_360' title='bbox 1082 3947 1113 3984; x_wconf 85' lang='lat' dir='ltr'>ss</span> <span class='ocrx_word' id='word_1_361' title='bbox 1128 3946 1169 3984; x_wconf 81' lang='lat' dir='ltr'>we</span> <span class='ocrx_word' id='word_1_362' title='bbox 1186 3946 1263 3999; x_wconf 83' lang='lat' dir='ltr'>gron</span> <span class='ocrx_word' id='word_1_363' title='bbox 1285 3946 1333 3999; x_wconf 88' lang='lat' dir='ltr'>up,</span> 
     </span>
     <span class='ocr_line' id='line_1_41' title="bbox 228 4015 1332 4090; baseline -0.004 -16"><span class='ocrx_word' id='word_1_364' title='bbox 228 4019 307 4074; x_wconf 84' lang='lat' dir='ltr'>feeds</span> <span class='ocrx_word' id='word_1_365' title='bbox 323 4035 356 4074; x_wconf 89' lang='lat' dir='ltr'>us</span> <span class='ocrx_word' id='word_1_366' title='bbox 378 4025 408 4074; x_wconf 85' lang='lat' dir='ltr'>ut</span> <span class='ocrx_word' id='word_1_367' title='bbox 430 4034 517 4090; x_wconf 87' lang='lat' dir='ltr'>every</span> <span class='ocrx_word' id='word_1_368' title='bbox 531 4034 592 4089; x_wconf 82' lang='lat' dir='ltr'>ege,</span> <span class='ocrx_word' id='word_1_369' title='bbox 609 4017 665 4071; x_wconf 85' lang='lat' dir='ltr'>end</span> <span class='ocrx_word' id='word_1_370' title='bbox 687 4025 718 4073; x_wconf 89' lang='lat' dir='ltr'>st</span> <span class='ocrx_word' id='word_1_371' title='bbox 739 4017 794 4073; x_wconf 88' lang='lat' dir='ltr'>lsst</span> <span class='ocrx_word' id='word_1_372' title='bbox 815 4018 936 4072; x_wconf 78' lang='lat' dir='ltr'>receives</span> <span class='ocrx_word' id='word_1_373' title='bbox 955 4034 988 4072; x_wconf 89' lang='lat' dir='ltr'>us</span> <span class='ocrx_word' id='word_1_374' title='bbox 1005 4018 1066 4072; x_wconf 91' lang='lat' dir='ltr'>into</span> <span class='ocrx_word' id='word_1_375' title='bbox 1088 4017 1124 4071; x_wconf 91' lang='lat' dir='ltr'>its</span> <span class='ocrx_word' id='word_1_376' title='bbox 1146 4015 1244 4070; x_wconf 88' lang='lat' dir='ltr'>bosom</span> <span class='ocrx_word' id='word_1_377' title='bbox 1266 4032 1332 4070; x_wconf 84' lang='lat' dir='ltr'>ese</span> 
     </span>
     <span class='ocr_line' id='line_1_42' title="bbox 229 4104 906 4175; baseline -0.001 -16"><span class='ocrx_word' id='word_1_378' title='bbox 229 4105 348 4169; x_wconf 85' lang='lat' dir='ltr'>mother,</span> <span class='ocrx_word' id='word_1_379' title='bbox 367 4104 447 4158; x_wconf 81' lang='lat' dir='ltr'>when</span> <span class='ocrx_word' id='word_1_380' title='bbox 462 4104 510 4159; x_wconf 91' lang='lat' dir='ltr'>the</span> <span class='ocrx_word' id='word_1_381' title='bbox 525 4110 583 4159; x_wconf 89' lang='lat' dir='ltr'>rest</span> <span class='ocrx_word' id='word_1_382' title='bbox 597 4104 630 4158; x_wconf 86' lang='lat' dir='ltr'>of</span> <span class='ocrx_word' id='word_1_383' title='bbox 641 4109 741 4159; x_wconf 81' lang='lat' dir='ltr'>nature</span> <span class='ocrx_word' id='word_1_384' title='bbox 752 4106 852 4175; x_wconf 89' lang='lat' dir='ltr'>rejects</span> <span class='ocrx_word' id='word_1_385' title='bbox 865 4120 906 4158; x_wconf 90' lang='lat' dir='ltr'>ns.</span> 
     </span>
    </p>

    <p class='ocr_par' dir='ltr' id='par_1_12' title="bbox 227 4185 1332 4349">
     <span class='ocr_line' id='line_1_43' title="bbox 287 4185 1331 4262; baseline -0.006 -14"><span class='ocrx_word' id='word_1_386' title='bbox 287 4197 304 4247; x_wconf 82' lang='lat'><strong>3</strong></span> <span class='ocrx_word' id='word_1_387' title='bbox 331 4191 434 4247; x_wconf 89' lang='lat' dir='ltr'>Others</span> <span class='ocrx_word' id='word_1_388' title='bbox 446 4189 527 4244; x_wconf 87' lang='lat' dir='ltr'>think</span> <span class='ocrx_word' id='word_1_389' title='bbox 539 4190 601 4243; x_wconf 83' lang='lat' dir='ltr'>thet</span> <span class='ocrx_word' id='word_1_390' title='bbox 617 4189 665 4245; x_wconf 91' lang='lat' dir='ltr'>the</span> <span class='ocrx_word' id='word_1_391' title='bbox 680 4189 755 4262; x_wconf 92' lang='lat' dir='ltr'>hope</span> <span class='ocrx_word' id='word_1_392' title='bbox 770 4191 803 4245; x_wconf 82' lang='lat' dir='ltr'>of</span> <span class='ocrx_word' id='word_1_393' title='bbox 814 4190 863 4245; x_wconf 91' lang='lat' dir='ltr'>tho</span> <span class='ocrx_word' id='word_1_394' title='bbox 878 4189 1066 4244; x_wconf 82' lang='lat' dir='ltr'>resurrection</span> <span class='ocrx_word' id='word_1_395' title='bbox 1081 4205 1136 4243; x_wconf 81' lang='lat' dir='ltr'>was</span> <span class='ocrx_word' id='word_1_396' title='bbox 1151 4185 1286 4242; x_wconf 89' lang='lat' dir='ltr'>intended</span> <span class='ocrx_word' id='word_1_397' title='bbox 1302 4193 1331 4242; x_wconf 94' lang='lat' dir='ltr'>to</span> 
     </span>
     <span class='ocr_line' id='line_1_44' title="bbox 227 4274 1332 4349; baseline -0.005 -17"><span class='ocrx_word' id='word_1_398' title='bbox 227 4274 266 4332; x_wconf 92' lang='lat' dir='ltr'>be</span> <span class='ocrx_word' id='word_1_399' title='bbox 281 4277 398 4332; x_wconf 78' lang='lat' dir='ltr'>marked</span> <span class='ocrx_word' id='word_1_400' title='bbox 410 4276 448 4349; x_wconf 88' lang='lat' dir='ltr'>by</span> <span class='ocrx_word' id='word_1_401' title='bbox 459 4275 516 4330; x_wconf 87' lang='lat' dir='ltr'>this</span> <span class='ocrx_word' id='word_1_402' title='bbox 534 4277 666 4348; x_wconf 76' lang='lat' dir='ltr'>practice,</span> <span class='ocrx_word' id='word_1_403' title='bbox 679 4277 735 4331; x_wconf 87' lang='lat' dir='ltr'>end</span> <span class='ocrx_word' id='word_1_404' title='bbox 750 4276 929 4332; x_wconf 78' lang='lat' dir='ltr'>transmitted</span> <span class='ocrx_word' id='word_1_405' title='bbox 943 4283 972 4330; x_wconf 92' lang='lat' dir='ltr'>to</span> <span class='ocrx_word' id='word_1_406' title='bbox 987 4275 1132 4348; x_wconf 86' lang='lat' dir='ltr'>posterity.</span> <span class='ocrx_word' id='word_1_407' title='bbox 1172 4275 1210 4329; x_wconf 83' lang='lat' dir='ltr'>So</span> <span class='ocrx_word' id='word_1_408' title='bbox 1225 4275 1332 4327; x_wconf 92' lang='lat' dir='ltr'>Demo-</span> 
     </span>
    </p>
   </div>
   <div class='ocr_carea' id='block_1_10' title="bbox 250 4388 1310 4455">
    <p class='ocr_par' dir='ltr' id='par_1_13' title="bbox 250 4388 1310 4455">
     <span class='ocr_line' id='line_1_45' title="bbox 250 4388 1310 4455; baseline -0.005 -14"><span class='ocrx_word' id='word_1_409' title='bbox 250 4393 264 4421; x_wconf 79' lang='lat'>&#39;</span> <span class='ocrx_word' id='word_1_410' title='bbox 280 4394 411 4454; x_wconf 74' lang='lat' dir='ltr'>Referring</span> <span class='ocrx_word' id='word_1_411' title='bbox 420 4397 447 4440; x_wconf 90' lang='lat' dir='ltr'>to</span> <span class='ocrx_word' id='word_1_412' title='bbox 458 4394 501 4440; x_wconf 91' lang='lat' dir='ltr'>the</span> <span class='ocrx_word' id='word_1_413' title='bbox 510 4393 616 4454; x_wconf 74' lang='lat' dir='ltr'>practice</span> <span class='ocrx_word' id='word_1_414' title='bbox 626 4394 653 4440; x_wconf 78' lang='lat' dir='ltr'>oi</span> <span class='ocrx_word' id='word_1_415' title='bbox 660 4393 742 4455; x_wconf 82' lang='lat' dir='ltr'>lsying</span> <span class='ocrx_word' id='word_1_416' title='bbox 751 4408 766 4440; x_wconf 89' lang='lat' dir='ltr'>s</span> <span class='ocrx_word' id='word_1_417' title='bbox 776 4394 904 4441; x_wconf 83' lang='lat' dir='ltr'>new-born</span> <span class='ocrx_word' id='word_1_418' title='bbox 915 4391 978 4440; x_wconf 90' lang='lat' dir='ltr'>child</span> <span class='ocrx_word' id='word_1_419' title='bbox 989 4405 1020 4438; x_wconf 93' lang='lat' dir='ltr'>on</span> <span class='ocrx_word' id='word_1_420' title='bbox 1030 4391 1072 4438; x_wconf 89' lang='lat' dir='ltr'>the</span> <span class='ocrx_word' id='word_1_421' title='bbox 1082 4389 1185 4451; x_wconf 80' lang='lat' dir='ltr'>ground.</span> <span class='ocrx_word' id='word_1_422' title='bbox 1205 4388 1310 4436; x_wconf 74' lang='lat' dir='ltr'>Gronov.</span> 
     </span>
    </p>
   </div>
   <div class='ocr_carea' id='block_1_11' title="bbox 0 0 1428 4920">
    <p class='ocr_par' dir='ltr' id='par_1_14' title="bbox 0 0 1428 4920">
     <span class='ocr_line' id='line_1_46' title="bbox 0 0 1428 4920; baseline 0 0"><span class='ocrx_word' id='word_1_423' title='bbox 0 0 1428 4920; x_wconf 95' lang='lat' dir='ltr'> </span> 
     </span>
    </p>
   </div>
  </div>
 </body>
</html>
