2834 4920
217 224 259 289 se
576 234 628 291 nn
652 232 955 294 consensimus.
1188 229 1261 306 [ens.
1273 235 1313 292 11.

219 398 329 466 viduut
340 397 551 487 jurisconsulti
568 397 702 463 Romani
719 397 752 462 in
768 397 809 462 do
823 406 860 462 ut
876 397 940 474 des,
963 395 1041 463 facie
1062 404 1097 463 ut
1114 396 1217 475 facias,
1235 399 1315 466 faeie

216 508 253 565 ut
286 500 358 566 des:
386 499 426 566 de
455 498 566 585 quibus
601 497 701 563 videri
726 506 829 584 potest
854 497 968 562 Paulus
990 496 1227 585 jurisconsultus
1242 500 1275 566 in
1291 500 1313 566 l.

52 624 200 674 nassum.
217 601 420 665 Naturalia:
446 595 596 686 Digestis,
615 599 830 682 Proescmptc'a
847 598 962 662 uerbis.

290 700 311 762 2
346 698 410 763 Sed
436 696 570 762 Romani
599 696 639 761 ab
661 697 720 760 hac
743 695 892 761 divisione
916 695 1055 762 eximunt
1075 697 1224 783 quosdam
1239 722 1314 765 con·

215 805 344 873 tractus,
363 818 440 882 ques
459 796 517 882 ipsi
541 796 712 861 nominatos
738 804 860 870 vocant,
886 816 948 859 non
969 804 1032 859 tam
1050 797 1132 880 qued
1153 800 1313 885 preprium

214 896 351 962 habeant
367 918 479 961 nemen
497 895 604 979 (habet
620 893 701 959 enim
718 893 777 958 hoc
793 902 826 959 et
842 895 1039 980 permutatio,
1066 916 1159 981 quam
1179 917 1199 961 a
1214 899 1314 963 nemi-

214 1004 358 1061 naterum
386 1015 516 1060 numere
542 993 723 1076 excludunt)
750 1013 845 1079 quam
872 993 956 1078 quod
984 994 1023 1058 eb
1049 1015 1137 1059 usum
1167 995 1312 1081 frequen·

213 1094 323 1160 tiorem
340 1087 424 1159 bvim
441 1093 606 1180 quamdam
625 1100 657 1157 et
671 1100 815 1156 naturam
838 1091 1027 1177 accepissent
1044 1092 1147 1171 talem,
1168 1117 1238 1180 quae
1256 1096 1312 1163 eti-

212 1193 289 1259 amsi
312 1192 388 1259 nihil
405 1202 487 1258 esset
502 1191 619 1257 dictum
636 1190 820 1277 specialiter,
839 1212 879 1255 ex
895 1189 962 1276 ipso
976 1190 1099 1256 nemine
1114 1193 1190 1257 satis
1207 1205 1312 1280 posset

212 1292 363 1380 intelligi:
388 1292 471 1357 unde
497 1290 591 1357 etiam
617 1302 712 1355 eertoe
736 1289 776 1354 de
801 1289 861 1354 illis
885 1289 1019 1374 preditae
1042 1301 1133 1357 erant
1155 1292 1311 1359 actionum

210 1390 372 1457 formulae:
396 1413 466 1456 cum
486 1388 656 1455 incaeteris
672 1388 881 1453 contractibus
898 1387 999 1452 minus
1021 1389 1235 1475 frequentibus
1252 1393 1312 1458 hec

210 1498 334 1556 tantum
357 1490 484 1567 inesset,
511 1488 593 1575 qnod
611 1486 728 1553 dietum
749 1498 828 1564 eret,
854 1507 891 1551 ac
912 1486 1042 1572 proinde
1064 1508 1125 1552 non
1143 1492 1312 1558 communis

209 1589 315 1675 aliqua
331 1598 365 1655 et
380 1588 505 1667 usitata,
526 1587 581 1653 sed
598 1586 829 1652 accommodata
850 1585 892 1650 ad
915 1585 1016 1671 ipsum
1038 1585 1155 1651 factum
1180 1588 1312 1656 daretur

208 1688 351 1765 formula,
372 1709 444 1773 quae
460 1686 530 1752 ideo
548 1685 737 1771 praescriptis
758 1683 863 1749 verbis
888 1683 1058 1750 dicebatur.
1101 1686 1153 1751 Ob
1178 1689 1309 1755 eandem

207 1808 331 1853 causam
348 1808 421 1851 usus
436 1783 654 1871 frequentioris
666 1783 699 1848 in
711 1781 966 1848 conventionibus
978 1782 1152 1862 nominatis,
1166 1786 1193 1851 si
1204 1788 1309 1875 requi·

251 1961 263 1994 ὓ
284 1962 337 2008 Vim
346 1959 622 2022 quandametnaiurm
629 1959 734 2019 accep&
785 1958 847 2004 citus
861 1958 890 2004 de
909 1957 1048 2018 Germania,
1064 1960 1157 2020 (Germ.
1179 1977 1199 2010 e
1211 1965 1252 2024 6):
1269 1965 1312 2013 in·

205 2043 256 2085 cesi
266 2039 346 2099 talem]
362 2037 425 2085 Vide
434 2036 509 2094 Vasq.
525 2033 579 2081 Lib.
591 2047 610 2081 1.
623 2039 733 2080 controv.
784 2033 882 2080 ferieres
896 2032 1029 2093 simplicius
1041 2040 1063 2082 el
1077 2036 1200 2097 antiquius
1210 2054 1311 2098 pamu-

206 2129 228 2161 ο.
239 2129 263 2160 x.
275 2114 300 2159 in
310 2112 365 2160 line.
784 2108 872 2155 leiim
886 2110 999 2155 mercium
1014 2116 1119 2159 utamr.
1156 2114 1261 2172 Servius,
1276 2116 1313 2163 ad

250 2196 261 2221 ⁰
277 2187 305 2235 Si
316 2188 345 2234 de
349 2187 428 2246 pretio
435 2183 588 2244 renumeret]
601 2184 675 2243 Apud
681 2184 732 2231 He·
783 2185 900 2245 Ecleqam
911 2198 946 2232 ιν.
956 2186 987 2231 ad
996 2186 1057 2232 illud
1067 2187 1140 2247 (vers.
1150 2188 1207 2248 39):
1222 2190 1310 2239 Musa.

205 2264 283 2310 brreos
303 2262 410 2322 perfecta
425 2273 474 2306 non
491 2263 602 2307 censetur
619 2258 732 2315 venditio,
783 2260 842 2305 bunt
851 2273 948 2306 mres:
960 2261 1019 2320 quia
1027 2262 1169 2322 antiquiror
1181 2266 1249 2311 rebus
1258 2280 1309 2313 ιιιιι.

205 2346 261 2385 ante
267 2337 419 2384 traditionem
427 2349 508 2382 veram
515 2335 551 2380 vel
559 2333 732 2394 imaginariam.
783 2334 873 2381 meane
903 2335 937 2380 Et
953 2335 985 2381 ad
1000 2335 1059 2381 iilud
1078 2336 1166 2397 (ἕεστο.
1178 2351 1218 2386 ιιι.
1235 2340 1310 2400 (vers.

204 2414 278 2475 [lues
295 2414 407 2461 Ssunsn.
421 2412 461 2459 De
473 2411 536 2458 Jerc
550 2409 610 2457 Ναὶ.
626 2416 648 2457 ei
663 2410 732 2458 Geni.
782 2408 852 2468 800:
872 2408 965 2456 Vellere
979 2415 1109 2457 mutentur:
1131 2412 1220 2473 ingenti
1229 2417 1310 2473 pretio

204 2489 304 2537 Secund.
315 2489 400 2548 discip.
410 2486 485 2533 Hebr.
497 2486 550 2532 Lib.
562 2484 672 2542 v1.e.6.]
782 2491 954 2545 comparentur.
985 2485 1050 2532 Nem
1064 2487 1133 2547 apud
1144 2489 1247 2546 mqy'erer
1261 2507 1310 2538 em·

246 2563 412 2623 demissior
430 2567 465 2607 est
478 2565 501 2607 et
516 2557 649 2618 antiquior]
677 2560 730 2617 Ap·
781 2561 1308 2624 nemcimeniumpmulcliouecemtabaq

203 2644 273 2700 paret
287 2640 312 2685 id
326 2654 356 2685 ex
373 2636 472 2683 Homeri
488 2635 594 2681 versibus
607 2633 732 2692 productis
782 2633 849 2691 quod
871 2639 894 2680 et
920 2633 995 2681 Caius
1015 2635 1142 2683 Homerico
1161 2641 1309 2698 constristavit

203 2715 256 2762 Lib.
265 2727 283 2760 1.
293 2714 325 2760 D.
337 2714 366 2760 dc
378 2709 546 2761 contradenda
555 2709 672 2755 amsene.
683 2707 732 2754 Ta·
782 2709 895 2768 eremplo.
925 2709 1024 2767 Plinius,
1044 2710 1106 2757 libre
1123 2724 1224 2761 mur.
1243 2729 1263 2763 e.
1279 2720 1309 2765 1:

202 2949 272 3010 eeu,
289 2944 339 3000 the
356 2946 467 3000 Roman
481 2946 579 3017 jurista
594 2944 700 3017 rightly
715 2945 808 2999 divide
823 2945 883 3001 into
901 2944 995 3002 these:
1015 2947 1050 3000 do
1065 2954 1095 3000 ut
1110 2947 1170 3000 des:
1181 2946 1261 3018 socie
1275 2957 1307 3002 ut

195 3032 307 3105 socies:
314 3033 394 3102 secie
408 3040 440 3085 ct
454 3033 506 3087 dee.
542 3031 596 3087 See
608 3032 714 3086 Paulus
726 3031 782 3086 and
795 3031 844 3086 the
856 3031 976 3103 Digesta.
1005 3029 1081 3103 [Dig.
1095 3032 1150 3086 xix.
1161 3029 1203 3098 5.]

261 3124 278 3171 2
303 3119 361 3173 But
383 3117 433 3172 the
457 3119 582 3174 Romans
602 3124 703 3189 except
725 3117 800 3172 from
821 3118 878 3172 thIs
896 3118 1014 3173 division
1037 3117 1145 3173 certain
1165 3122 1306 3174 eontracta

200 3202 292 3257 which
308 3203 376 3274 they
391 3203 446 3258 call
462 3205 597 3258 combreto
612 3206 789 3267 eontraets*;
804 3209 856 3258 net
870 3219 901 3259 so
916 3204 1001 3259 much
1016 3203 1135 3258 because
1150 3203 1218 3275 they
1235 3204 1306 3259 have

199 3304 305 3359 proper
321 3304 427 3352 names,
440 3280 498 3358 (fer
509 3291 693 3358 pemmatien
707 3305 740 3343 or
751 3288 901 3358 erchange,
913 3289 1003 3343 which
1019 3287 1086 3358 they
1098 3288 1215 3344 exclude
1229 3289 1305 3343 from

200 3373 345 3426 nominate
362 3378 510 3436 contrecta,
525 3373 574 3426 has
587 3374 646 3427 nise
660 3389 678 3426 a
693 3389 797 3443 proper
819 3366 922 3443 name)
944 3390 974 3426 ss
996 3374 1124 3435 because,
1139 3373 1213 3426 irem
1230 3373 1306 3428 their

200 3474 279 3512 mere
299 3458 430 3529 frequent
453 3473 511 3521 use,
532 3457 601 3529 they
620 3457 691 3512 have
711 3456 839 3512 received
856 3474 873 3510 a
895 3458 1001 3512 certain
1020 3456 1098 3511 force
1119 3457 1175 3511 and
1195 3464 1306 3525 nature,

199 3542 290 3597 which
305 3559 370 3614 may
385 3543 422 3596 be
440 3543 607 3613 sufficiently
621 3542 792 3597 understood
806 3541 844 3612 by
859 3541 908 3598 the
923 3559 1015 3607 name,
1029 3541 1166 3613 although
1184 3543 1305 3617 nothing

198 3628 235 3683 be
247 3629 307 3683 said
318 3627 460 3700 specieily.
492 3628 618 3684 Whence
629 3629 687 3683 also
699 3627 766 3681 with
778 3628 878 3698 regard
891 3634 921 3682 to
932 3627 1010 3683 them
1020 3627 1100 3683 there
1112 3646 1185 3684 were
1197 3632 1304 3685 certain

198 3713 369 3770 established
387 3714 517 3769 fermulae
534 3714 567 3770 ef
580 3716 696 3770 actions.
732 3712 825 3767 While
842 3714 871 3767 in
887 3714 969 3769 ether
983 3722 1134 3778 contracte,
1152 3714 1242 3770 which
1254 3733 1304 3772 are

198 3800 253 3856 less
268 3801 409 3871 frequent,
426 3798 488 3855 thet
503 3800 570 3871 only
581 3817 636 3855 was
651 3800 768 3870 impiied
781 3798 872 3854 which
883 3817 938 3855 was
956 3800 1105 3873 erpresscd
1113 3819 1121 3865 3
1136 3801 1192 3855 and
1208 3801 1304 3858 there-

197 3886 260 3941 fore
275 3885 355 3940 there
367 3902 422 3939 was
437 3891 488 3940 net
502 3903 558 3956 any
570 3902 699 3940 common
715 3886 772 3939 and
787 3886 866 3939 usual
878 3887 953 3940 ferm
968 3888 1002 3940 oi
1013 3888 1117 3950 aetion,
1131 3886 1183 3942 but
1195 3904 1213 3941 a
1226 3888 1302 3944 ferm

197 3971 428 4027 accommodeted
442 3978 472 4026 to
485 3971 534 4026 the
548 3971 615 4037 fect,
630 3971 719 4026 which
737 3988 793 4026 was
808 3970 950 4028 therefore
965 3973 1056 4028 called
1074 3989 1091 4027 a
1106 3973 1180 4027 ferm
1194 3975 1224 4027 in
1237 3991 1301 4046 pre·

196 4058 281 4130 script
295 4059 392 4111 werde.

254 4144 311 4198 Fer
327 4142 377 4197 the
399 4158 477 4198 same
499 4159 607 4206 reason,
625 4143 659 4197 of
675 4160 693 4197 a
715 4160 794 4199 mere
815 4145 947 4216 frequent
969 4161 1019 4199 use
1042 4145 1071 4197 in
1090 4144 1139 4200 the
1156 4144 1302 4201 nominate

195 4236 346 4295 contracte,
362 4229 387 4283 if
396 4231 503 4285 certain
518 4231 665 4302 requisites
680 4247 752 4285 were
766 4237 888 4302 present,
905 4230 955 4285 the
969 4232 1106 4302 necessity
1118 4231 1152 4284 ef
1169 4231 1302 4303 fuliiiling

593 4377 836 4437 ‘Seeansros
851 4377 895 4428 &e
