2834 4920
122 261 197 317 cn».
212 256 308 326 xm]
494 260 547 314 nn
569 259 860 315 mantuanam
1187 248 1230 315 97

123 425 292 493 discimus:
308 445 366 489 nec
383 421 508 489 aliunde
524 423 660 489 arbitrer
674 423 812 489 Orientis
829 422 959 510 populos
974 423 1091 488 6ιιίοιοο
1109 424 1228 489 Graccis

125 521 323 619 suplicium,
344 545 415 610 quse
437 545 500 589 ron
524 523 609 609 apud
633 523 821 612 AEschylum
842 531 875 588 et
897 522 1078 609 Euripidem
1104 532 1227 589 exstat:

126 623 277 717 καρβᾶνα
306 615 331 690 δ’
355 616 463 699 οὐδὲν,
493 622 578 709 apud
605 623 737 688 eundem
765 623 962 710 AEschylum.
1015 622 1098 686 Huic
1127 622 1228 687 errori

126 724 210 791 dicto
227 723 295 789 loco
312 722 456 788 Christus
473 721 614 788 occurrit.
663 721 855 787 Christianos
876 731 997 787 veteres
1015 721 1228 787 Tertullianus
1241 750 1323 797 νμοῳ.
1334 750 1392 788 esa

121 823 248 911 jurasse
269 823 316 888 ait
331 844 389 909 per
410 821 540 888 salutem
558 820 704 909 principis
725 822 866 887 omnibus
887 821 986 910 geniis
1005 820 1226 909 augustiorem.

127 923 223 1011 Apud
242 921 410 1011 Vegetium
429 922 563 987 formula
585 931 642 998 est,
662 921 749 1007 cnjus
769 929 802 986 et
821 943 918 1008 supra
940 921 1141 996 meminimus,
1166 944 1228 1007 qua
1242 944 1344 985 nnus.

128 1022 299 1090 Christiani
321 1021 433 1087 milites
453 1021 563 1107 jurant
583 1042 645 1085 non
670 1042 727 1108 per
749 1022 851 1087 Deum
877 1029 1009 1097 tantum,
1036 1020 1092 1086 sed
1117 1031 1150 1086 ει
1171 1042 1229 1106 per

127 1121 322 1209 majestatem
339 1120 550 1208 Imperatoris,
568 1142 640 1207 quoe
660 1120 829 1185 secundum
847 1120 951 1187 Deum
968 1122 1103 1188 humano
1119 1120 1229 1209 generi

127 1221 289 1311 diligends
305 1228 353 1287 est
369 1228 402 1285 et
418 1220 555 1286 colenda

205 1321 280 1387 XlL
334 1320 398 1385 Sed
419 1327 452 1386 et
468 1320 513 1384 ‘si
531 1321 601 1406 quis
623 1342 681 1408 per
706 1320 799 1387 falsos
820 1321 905 1385 Deos
923 1320 1088 1406 juraverit,
1110 1320 1228 1410 obliga-

128 1418 233 1487 bitur:
256 1419 331 1507 qnia
349 1441 527 1506 quanquam
551 1421 609 1486 sub
632 1419 717 1485 falsis
746 1421 827 1485 notis
852 1419 992 1508 generali
1018 1429 1122 1484 tamen
1147 1441 1228 1484 com·

128 1520 272 1608 plexione
295 1541 409 1585 numen
430 1519 588 1585 intuetur:
614 1518 746 1606 ideoque
770 1521 857 1585 Deus
881 1541 982 1594 verus,
1009 1519 1034 1583 si
1055 1519 1229 1605 pejeratum

128 1619 180 1700 sit,
207 1618 241 1685 in
269 1642 358 1685 suam
386 1618 532 1705 injuriam
556 1619 589 1685 id
615 1620 731 1685 facturn
758 1619 991 1705 interpretatur.
1038 1619 1081 1683 Et
1108 1628 1230 1683 sanctos

129 1718 215 1785 viros
231 1719 370 1785 ridemus
387 1740 449 1783 non
466 1718 611 1785 detulisse
628 1719 752 1805 quidem
772 1740 909 1804 unquam
925 1717 982 1782 sub
999 1739 1038 1782 ea
1053 1717 1153 1782 forma
1164 1717 1230 1803 jus-

124 1817 306 1904 jurandum,
323 1817 538 1884 multominus
555 1818 600 1885 ita
611 1818 744 1904 jurasse,
765 1818 885 1905 quoda
902 1819 1051 1882 Duareno
1074 1815 1230 1904 ipermitti

129 1918 247 1996 miron
265 1917 320 1983 sed
335 1925 440 1984 tamen
456 1917 483 1982 si
499 1917 678 2002 quibuscum
694 1919 853 2006 negotium
870 1927 939 1983 erat
956 1917 1068 1982 adduci
1084 1939 1145 1981 non
1162 1939 1231 2002 pos-

129 2027 210 2096 sent,
231 2026 268 2084 ut
287 2017 379 2084 aliter
395 2016 551 2104 jurarent,
575 2018 765 2083 contraxisse
785 2016 929 2090 cumeis,
948 2016 1172 2102 ipsosquidem
1196 2026 1231 2082 οι

130 2118 296 2204 oportebat
320 2116 475 2205 jurantes,
509 2117 550 2182 ab
579 2116 640 2182 illis
668 2126 773 2183 autem
803 2117 1016 2204 juramentum
1045 2114 1231 2203 accipientes

130 2297 248 2358 phronem
257 2297 319 2345 dico.
339 2295 408 2344 J.B.
752 2294 833 2340 7Νοιι
851 2295 876 2339 id
897 2294 1016 2353 permittit
1033 2293 1168 2350 Dusrenus,
1190 2294 1232 2340 sed

174 2379 186 2405 e
201 2370 230 2418 Si
245 2372 299 2433 quic
308 2387 355 2432 per
360 2372 444 2431 salsos
457 2371 522 2417 Deos
528 2369 657 2428 iurauerit,
708 2373 802 2416 tantum
814 2370 900 2416 deferri
908 2369 1072 2429 Juramentum
1082 2369 1125 2424 illi,
1136 2369 1176 2427 qui
1190 2382 1233 2427 per

130 2444 286 2506 obligabitur]
307 2445 380 2491 Liber
391 2443 518 2504 Sapientiae
533 2457 554 2489 c.
570 2443 657 2490 sinoti
709 2446 880 2500 hlahumetem,
898 2457 953 2503 eg.
964 2443 1089 2502 juraturus
1105 2447 1149 2488 est.
1170 2442 1233 2489 Vide

130 2519 182 2580 γιὶρ
197 2518 211 2576 ἦ
227 2522 279 2566 τῶν
294 2517 434 2578 diruendum»
450 2519 556 2578 δύναμις,
571 2515 657 2572 ἆλλίἰ
709 2519 726 2566 J
731 2520 803 2567 ctum
817 2519 892 2575 illum,
903 2519 984 2564 Tract.
995 2516 1075 2576 priore
1085 2516 1115 2562 ad
1128 2516 1178 2562 Tit.
1193 2516 1233 2563 De

130 2597 183 2642 τῶν
201 2592 398 2655 ἁμαρτανόντων
417 2593 471 2647 alm
484 2591 657 2653 ’ἐπεξέρχεται
702 2594 869 2654 jurejurando,
877 2607 928 2653 cap.
938 2592 969 2637 xi.
984 2592 1055 2639 Tom.
1069 2605 1087 2638 ι.
1103 2592 1168 2652 Opp.
1183 2591 1233 2639 Ed.

130 2668 170 2715 det
180 2669 228 2722 τήν
236 2670 289 2715 τῶν
297 2667 389 2714 ἀδίκων
399 2667 553 2726 παράβασιν.
585 2666 657 2720 Quod
709 2669 787 2729 Luqd.
808 2669 874 2716 1579.
891 2681 914 2727 p.
932 2668 983 2714 235.
1003 2672 1029 2713 et
1044 2665 1127 2714 Tract.
1148 2667 1234 2724 altero,

130 2743 374 2790 itavsrtitLatinns:
389 2741 446 2787 Noa
457 2741 657 2799 eaimjurntorum
709 2743 1015 2804 cap.4.png.ii.'1'om.11.
1045 2743 1234 2802 Addsquaeno·

130 2819 215 2875 tirius,
231 2818 274 2864 red
288 2817 437 2878 peccanit’um
448 2831 520 2876 ΡΜ
531 2817 657 2876 perambu-
709 2820 811 2866 terimus
824 2820 847 2863 in
861 2819 947 2878 saepius
957 2818 1079 2863 laudatum
1092 2818 1173 2876 Caput
1183 2818 1234 2862 Pu·

131 2895 168 2939 lai
182 2907 272 2952 seraper
285 2893 424 2951 injustumne
430 2892 657 2953 prevaricationem,
709 2905 861 2947 rnunoarn,
870 2892 910 2937 De
919 2890 981 2936 Jurc
991 2891 1050 2936 Nat.
1067 2896 1089 2936 ct
1105 2891 1173 2938 Geni.
1187 2890 1233 2950 ξι.

131 2971 207 3028 (rere.
216 2968 278 3028 ult)
709 2968 767 3014 Not.
779 2971 801 3014 2.
810 2966 875 3012 Edit.
887 2966 1004 3012 secundm.
1035 2964 1104 3010 «ΚΒ.

132 3220 190 3275 and
201 3219 382 3292 Euripides*.
420 3219 514 3276 Christ
529 3221 635 3274 refutes
647 3218 703 3273 this
715 3234 801 3272 error.

186 3306 342 3360 Tertullian
357 3322 419 3378 says
434 3307 497 3361 that
511 3307 560 3361 the
575 3306 687 3360 ancient
700 3304 853 3359 christinus
868 3317 955 3356 swore
968 3300 1007 3374 by
1026 3300 1075 3357 the
1091 3301 1190 3375 Sufety
1205 3301 1237 3357 of

134 3389 185 3446 the
197 3393 308 3446 Prinos.
342 3393 377 3446 In
389 3393 532 3464 vegetius,
543 3410 574 3447 as
586 3392 674 3446 abore
688 3390 789 3455 stated,
803 3390 852 3444 tho
866 3388 988 3443 formula
1003 3388 1034 3453 is,
1048 3390 1091 3460 By
1104 3389 1166 3443 God
1180 3389 1236 3444 and

134 3475 184 3531 the
192 3478 314 3550 Maiesty
324 3478 358 3532 of
369 3477 419 3532 the
432 3479 579 3551 Emperor,
591 3477 689 3542 which,
704 3477 777 3533 after
785 3476 857 3541 God,
872 3476 895 3530 is
909 3480 939 3530 ιο
952 3475 988 3529 he
1001 3475 1168 3531 reverenced
1181 3475 1237 3530 and

134 3560 282 3618 honoured
297 3564 335 3635 by
349 3580 423 3619 men.

189 3649 258 3703 XII.
295 3650 445 3705 Morcover
461 3649 498 3705 he
512 3650 574 3705 who
589 3667 688 3706 swears
702 3650 741 3722 by
757 3649 828 3704 false
847 3648 917 3719 gods
935 3649 958 3702 is
975 3646 1087 3713 bound3
1108 3647 1238 3715 because,

135 3733 244 3806 though
255 3734 347 3790 under
358 3736 428 3791 false
442 3737 563 3800 notione,
577 3736 614 3790 he
628 3737 716 3791 refers
731 3744 761 3790 to
777 3735 826 3790 tho
840 3735 954 3805 general
966 3733 1030 3788 idea
1042 3733 1075 3788 of
1085 3734 1237 3789 Godheadz

135 3820 193 3873 and
205 3819 347 3876 therefore
365 3821 415 3876 the
434 3827 498 3876 true
520 3822 584 3876 God
604 3822 659 3875 will
677 3823 815 3893 interpret
830 3821 853 3875 it
865 3838 894 3875 as
907 3838 924 3874 n
935 3837 1031 3890 wrong
1042 3827 1072 3873 ιο
1085 3820 1201 3875 himself
1216 3820 1242 3874 if

135 3906 251 3981 perjury
264 3906 301 3962 be
311 3907 484 3962 committed.
524 3909 576 3961 We
591 3908 628 3962 do
640 3914 692 3961 not
705 3908 764 3961 find
779 3907 842 3962 that
855 3906 922 3977 holy
938 3923 1005 3962 men
1019 3922 1085 3961 erer
1099 3905 1239 3978 proposed

136 4006 174 4044 an
188 3991 256 4046 oath
266 3992 296 4046 in
308 3991 371 4047 that
383 4010 451 4065 way,
464 3993 548 4047 much
560 3994 615 4048 less
629 3994 693 4048 that
708 3993 775 4065 they
793 4009 881 4048 swore
896 3992 965 4047 such
980 4010 1016 4047 an
1031 3992 1107 4056 cath,
1119 3992 1209 4047 which
1224 3992 1240 4046 1

136 4076 252 4132 wonder
265 4077 329 4134 that
343 4080 493 4134 Duarenua
508 4081 656 4150 permits†.
693 4080 750 4134 But
765 4078 790 4132 if
801 4078 882 4133 those
897 4078 965 4132 with
980 4078 1071 4132 whom
1083 4079 1151 4151 they
1166 4094 1239 4133 wore

180 4205 194 4230 ⁸
208 4205 344 4268 Barbeyrse
358 4221 418 4268 says,
432 4211 476 4253 not
489 4206 514 4251 in
527 4204 663 4266 Euripides,
677 4206 722 4253 bnt
735 4206 759 4251 in
774 4205 918 4266 Lycophron
926 4221 933 4265 3
950 4205 996 4251 and
1013 4206 1044 4252 he
1058 4207 1183 4266 questions
1198 4206 1239 4252 the

137 4279 275 4341 etymology
286 4282 314 4327 of
323 4282 443 4327 Korhani.

182 4358 202 4414 †
219 4356 348 4404 Duarenns
362 4359 420 4406 does
438 4362 482 4405 not
497 4356 584 4418 permit
603 4370 656 4404 men
672 4360 698 4403 tc
714 4369 797 4412 swear,
812 4356 857 4402 but
872 4356 928 4417 only
943 4360 971 4405 to
988 4361 1068 4417 accept
1084 4370 1115 4402 an
1131 4355 1187 4402 cath
1208 4354 1239 4414 by

137 4430 271 4481 Meam.
301 4434 327 4483 J.
337 4434 368 4482 Β.
1192 4424 1197 4434 ’

239 4561 434 4658 [οοοτ.ιι]
