2834 4920
138 251 302 321 carun]
348 254 399 309 DE
420 253 639 309 FEDERIBUS
661 253 710 310 AO
733 253 1026 310 SPONSIONIBUS.
1179 242 1238 304 141

137 413 186 480 thi
207 411 433 488 observatione,
458 411 609 498 permissa
633 412 699 478 sola
721 412 768 478 sui
788 413 896 490 tutela,
917 436 980 477 non
1001 410 1062 478 alio
1081 432 1239 477 armorum

137 536 206 588 usu,
232 518 374 599 apparet.
421 512 464 576 Et
488 511 522 575 hi
547 519 744 577 tamencum
770 511 1010 577 Lacedaemoniis
1031 518 1064 576 et
1088 510 1239 575 Romanis

137 611 238 677 foedus
259 610 419 699 pepigere,
443 609 688 696 approbantibus
712 610 925 676 sacerdotibus
948 619 981 675 et
1014 609 1149 697 populo;
1139 609 1337 716 ,ἰιιιοιιιιῆιι
1332 629 1389 670 ,ιιι

138 732 196 798 pro
221 731 328 776 eorum
353 708 452 774 salute
471 730 560 774 sacra
582 709 704 795 publice
725 710 875 775 secarunt.
929 711 1010 787 Quae
1033 730 1107 775 vero
1130 714 1239 773 contra

138 809 333 884 adferuntur,
350 829 459 873 causas
475 807 592 873 habeut
608 807 787 894 peculiares.

214 908 235 977 7
270 906 393 972 Nam'
368 928 396 972 ar
415 928 493 992 quos
509 927 600 995 reges
620 917 676 973 aut
697 907 836 995 populos,
860 916 952 973 extra
974 929 1027 973 eos
1044 907 1146 994 quiin
1168 907 1239 995 lege

140 1005 279 1094 expressi
304 1013 404 1082 erant,
430 1027 541 1071 exosos
565 1005 679 1071 sibiet
703 1006 871 1073 infortunio
897 1007 1059 1073 damnatos
1079 1028 1136 1094 per
1161 1008 1239 1071 Pro·

140 1108 251 1194 phetas
266 1106 355 1171 Deus
373 1104 582 1193 significasset,
599 1125 707 1170 eorum
724 1105 852 1172 tutelam
869 1105 1025 1191 suscipere
1042 1114 1098 1171 aut
1114 1127 1184 1170 cum
1201 1104 1239 1169 iis

140 1227 230 1272 arma
243 1204 361 1270 sociare
382 1203 575 1283 hauddubie
597 1204 684 1269 nefas
701 1212 780 1270 erat.
819 1205 890 1270 Huc
910 1204 986 1269 illud
1004 1205 1140 1292 pertinet
1162 1206 1238 1269 Pro·
1250 1215 1395 1302 {matt

140 1306 246 1392 phetae
273 1304 332 1368 ‘'nd
358 1288 567 1390 Josaphatnm
592 1303 632 1370 dc
658 1324 735 1391 rege
766 1304 912 1369 Israelis.
955 1305 1001 1369 Te
1028 1326 1067 1369 ac
1095 1304 1240 1388 improbo

140 1405 313 1521 opitulari,
339 1414 369 1468 ct
390 1425 441 1468 eoa
461 1403 597 1486 dilipere
619 1404 698 1487 1'qast'
714 1405 821 1468 Deum
846 1402 1009 1468 edomat?
1058 1405 1105 1467 Ar
1122 1404 1161 1469 od
1182 1404 1240 1467 noe

139 1505 252 1587 ipsum
276 1503 399 1568 coearait
419 1503 455 1566 in
480 1513 510 1566 te
532 1502 686 1566 Deiera.
737 1501 819 1566 Nam
845 1501 998 1566 infelicem
1020 1501 1094 1566 belli
1119 1499 1238 1566 exitum

139 1600 282 1666 Micheas
296 1600 446 1686 propheta
457 1598 524 1685 jam
546 1607 621 1665 ante
637 1599 838 1686 praedixerat.
872 1602 917 1665 Et
931 1599 1061 1666 alterius
1077 1600 1241 1686 prophetae

139 1700 182 1765 ad
207 1699 385 1765 Amasiam:
408 1701 461 1764 Nc
485 1701 532 1764 ito
560 1710 662 1764 tecum
687 1701 850 1765 ecercitua
874 1700 1129 1764 smaelitarum:
1162 1721 1241 1763 nom
1253 1714 1390 1761 nouat·

140 1822 204 1865 nora
236 1799 445 1865 odorlico
473 1799 647 1874 Israelitis,
681 1799 745 1863 ulli
777 1801 914 1884 inquom
938 1799 1241 1884 Ephraimitarum.

141 1898 212 1963 Hoc
228 1920 305 1963 rero
328 1917 390 1961 non
407 1895 514 1961 venire
530 1917 570 1961 ex
591 1904 704 1962 natura
720 1897 844 1973 federis,
862 1896 917 1963 sed
935 1917 974 1962 ex
992 1917 1133 1983 personae
1150 1918 1242 1984 pecu·

140 1996 212 2062 lieri
237 1994 552 2082 quadamqualdam,
574 1996 625 2061 vel
644 1994 716 2061 hinc
741 1995 904 2073 evincitur,
924 1995 1008 2081 quod
1033 1995 1174 2084 graviter
1196 1995 1242 2059 in-

142 2095 281 2183 crepitus
306 2101 355 2161 est
375 2093 576 2181 Josaphatns,
598 2093 691 2160 etiam
715 2094 792 2160 diris
814 2094 939 2171 additis,
960 2117 997 2160 eo
1019 2095 1143 2160 nomine
1159 2094 1242 2179 quod
1255 2108 1392 2153 tudun·

141 2194 317 2260 commercii
333 2213 426 2257 causa
446 2191 624 2258 societatem
645 2192 763 2260 iniisset
779 2215 849 2258 cnm
871 2193 1008 2259 Ochozia
1024 2215 1101 2283 rege
1117 2193 1240 2259 maeli-

141 2301 258 2369 tarum‚
279 2290 409 2358 similem
427 2290 465 2367 ei,
483 2312 577 2375 quam
594 2291 699 2358 David
724 2301 757 2358 et
780 2292 903 2357 Solomo
928 2291 1062 2357 inierant
1090 2314 1159 2356 cum
1183 2291 1242 2355 Hi-

140 2413 240 2471 ramo‚
265 2413 343 2477 quos
368 2412 405 2455 eo
428 2389 550 2454 nomine
575 2389 692 2475 partim
718 2412 780 2455 non
801 2391 1016 2475 reprehensos,
1038 2389 1152 2476 partim
1176 2389 1243 2453 lau-

143 2491 234 2557 datos
257 2490 399 2558 diximus.
452 2489 534 2554 Nam
560 2489 643 2573 quod
668 2488 795 2554 additur
820 2487 986 2555 Ochoziam
1012 2487 1107 2574 impie
1134 2486 1244 2576 egisse,

143 2589 238 2656 debet
254 2589 297 2655 ad
314 2595 412 2654 totam
429 2585 496 2672 ejus
519 2586 615 2652 vitam
632 2587 754 2664 referri,
778 2587 819 2653 ob
836 2608 930 2673 quam
952 2585 1040 2652 Deus
1065 2585 1124 2673 ipsi
1149 2585 1246 2651 omni·

142 2688 263 2775 busque
278 2687 345 2774 ejus
369 2685 529 2751 conatibus
553 2684 690 2751 infensus
711 2686 826 2753 fuerit:
852 2685 1006 2772 quomodo
1026 2686 1093 2751 haec
1115 2684 1246 2752 historia

143 2788 318 2874 explicatur
344 2784 378 2850 in
407 2783 496 2861 libro,
523 2782 573 2848 cui
598 2805 711 2850 nomen
737 2785 979 2852 constitutiones
1001 2784 1169 2851 Clementis
1187 2784 1244 2852 Vl.

143 2885 247 2972 capite
264 2884 347 2952 xviii.

143 3064 262 3112 Alfonm
288 3063 383 3120 cutm,
413 3061 524 3108 ameum
549 3060 668 3119 Catella,
721 3081 769 3111 που
779 3064 859 3122 ἀσεβῆ
870 3062 910 3110 καὶ
920 3061 1038 3121 πονηρόν.
1054 3059 1186 3107 accusabat
1195 3073 1247 3106 eum

142 3138 311 3186 Ferdinandna
329 3136 472 3198 cognomine
488 3135 603 3181 Sanctum
621 3137 669 3181 Pa·
721 3140 840 3185 meteretis
855 3139 917 3183 inita
929 3150 980 3183 cnm
989 3135 1087 3181 Achata
1103 3134 1193 3180 homine
1203 3134 1247 3178 ιἠι.

143 3218 198 3260 trus
213 3212 328 3272 [εςὶοιιίι
344 3226 403 3257 rex:
424 3209 540 3255 Alsonsua
558 3208 670 3255 castellis
718 3213 762 3271 pin
778 3226 809 3258 uc
823 3211 944 3257 scelerato.
975 3206 1246 3268 (Anatq.Jud.1x.1.

143 3301 188 3333 rex
204 3286 417 3346 prudentissimus:
433 3295 486 3328 cum
502 3282 671 3328 Tartarlslto·
723 3285 770 3346 §L
802 3285 870 3330 Edit.
882 3282 977 3341 Ham.)

144 3358 456 3420 dolphnsllabapurgenais.
477 3356 524 3403 Adi
531 3355 670 3402 Johsnnam
769 3360 843 3419 an'
852 3359 931 3405 Deum
940 3356 1047 3414 odmunt]
1060 3356 1190 3402 (tratianns
1197 3356 1248 3403 Va·

143 3439 176 3484 de
193 3437 341 3496 carthagine
356 3436 418 3482 libro
434 3446 474 3480 ιιι.
493 3432 593 3479 ueJnre
606 3432 672 3478 Bclla'
721 3435 781 3483 lenti
798 3439 885 3495 patruo
901 3437 984 3478 contra
1000 3431 1099 3492 Scythas
1116 3446 1186 3491 opem
1203 3445 1248 3492 po.

143 3512 250 3558 Romm'
259 3512 386 3571 Pona'fica'c
395 3524 417 3557 c.
429 3511 450 3554 1.
466 3507 546 3554 Julius
556 3508 590 3552 ΙΙ.
605 3506 671 3552 Pon·
722 3509 784 3555 tanti
799 3506 901 3567 scripsit,
917 3505 949 3551 m's
963 3506 991 3550 οὐ
1005 3505 1044 3550 δεῖ
1053 3506 1092 3564 τῷ
1106 3504 1188 3565 ἐχθρῷ
1200 3506 1247 3551 τοῦ

144 3587 205 3633 tifex
216 3586 302 3632 'furcis
311 3599 377 3632 usus.
723 3583 786 3630 θεοῦ
802 3585 952 3641 συμμαχεῖν·
964 3579 1011 3639 sus
1024 3593 1070 3623 non
1083 3593 1132 3625 esse
1145 3581 1248 3627 sodalis}

187 3668 200 3693 ⁰
215 3659 260 3705 Ad
267 3658 437 3719 Josaptotnm]
452 3658 587 3721 Josephus:
597 3661 673 3716 ἠτιᾱ-
723 3671 792 3704 arma
799 3656 900 3715 juncera
914 3668 966 3700 cum
974 3668 1001 3699 eo
1012 3653 1054 3713 qui
1063 3654 1113 3700 Dea·
1121 3655 1154 3700 ait
1165 3655 1246 3701 tostin

143 3735 232 3791 »torris
240 3735 304 3794 πρὸς
311 3735 419 3795 Ἄχαβον
427 3737 569 3797 συμμαχίαι
579 3735 672 3795 ἇνθρω·
724 3733 829 3778 Zonaras
840 3729 906 3791 (le.
919 3741 980 3775 xm.
992 3741 1046 3788 cap.
1056 3728 1109 3787 17.)

203 3985 221 4040 7
249 3981 281 4036 If
299 3998 357 4054 any
372 3982 454 4054 kings
480 4000 514 4038 or
534 3985 649 4058 peoples
666 4000 740 4039 wore
757 3983 933 4039 condemned
955 3987 986 4037 to
1015 3976 1188 4034 destruction
1210 3974 1249 4046 by

144 4069 219 4134 (iod,
234 4068 380 4123 doubtless
394 4069 417 4123 it
430 4086 486 4124 was
501 4070 569 4125 then
585 4070 718 4125 unlawful
733 4077 764 4125 to
782 4074 893 4140 protect
906 4067 986 4122 thom
1006 4081 1040 4120 or
1059 4070 1090 4118 tc
1105 4062 1167 4132 join
1181 4059 1248 4114 with

143 4154 234 4209 them.
282 4154 321 4208 So
342 4153 479 4209 achron.
492 4156 545 4210 xix.
566 4163 592 4221 2,
613 4156 689 4212 Jehu
706 4155 756 4210 tha
773 4153 895 4226 prophet
912 4168 975 4223 says
993 4156 1024 4206 to
1044 4144 1249 4215 Jehoshaphat,

143 4239 287 4295 Slwuldm
302 4240 367 4293 thou
381 4240 439 4309 help
454 4242 495 4294 tlte
511 4243 638 4313 aapodly,
649 4242 719 4309 διο]
744 4242 783 4295 So
798 4245 815 4292 2
831 4237 934 4293 Obron.
948 4254 1010 4291 xxv.
1028 4242 1043 4292 7
1059 4240 1089 4288 to
1104 4228 1246 4285 Amasinh·

141 4326 203 4380 But
222 4323 279 4379 thia
302 4339 360 4377 was
377 4339 415 4377 on
431 4331 552 4380 account
569 4325 602 4380 of
618 4326 747 4398 perseam
766 4324 994 4386 consideratione,
1011 4325 1062 4375 not
1079 4316 1129 4373 the
1146 4318 1248 4368 nature

141 4410 177 4465 of
189 4408 240 4466 the
253 4413 359 4479 treaty,
370 4423 401 4464 aa
415 4425 535 4482 appears
548 4409 587 4485 by
601 4411 650 4468 tho
662 4413 893 4468 circumstances:
913 4405 1014 4477 [ahloh
1027 4400 1100 4483 peu]
