2834 4920
141 241 215 297 (lar.
229 235 306 305 XV.]
392 240 445 294 DE
467 240 685 296 FEDERIBUS
707 239 756 296 AO
780 240 1071 300 SPONSIONIBUS.
1183 235 1246 299 129

142 404 320 491 exemplum
345 411 410 470 est:
437 407 558 491 quoties
581 407 666 470 inter
691 427 723 471 ee
746 409 841 472 daces
865 408 941 471 belli
963 409 1112 492 querclam
1134 409 1246 490 pacis-

140 517 281 579 cuntnr;
305 504 389 590 quod
406 504 581 569 secundum.
632 504 775 569 Publicae
798 526 874 593 ergo
891 506 1108 570 conventiones
1124 528 1177 571 eas
1199 506 1246 571 in-

140 603 266 692 telligit,
290 624 361 689 quae
378 603 435 667 nisi
448 601 522 689 jure
538 602 661 689 imperii
678 603 803 690 majoris
825 613 882 669 aut
898 605 1025 669 minoris
1042 605 1109 670 fieri
1131 627 1245 691 neque-

140 710 209 779 unt,
226 723 288 788 qua
304 711 379 768 nota
396 703 545 768 differunt
561 723 623 766 non
637 710 759 767 tantum
775 725 796 768 a
815 703 1023 769 contractibus
1040 704 1243 791 privatorum,

140 803 197 867 sed
213 811 247 866 et
262 822 282 867 a
298 801 505 868 contractibus
526 823 635 889 regum
653 801 735 866 cirea
751 801 878 890 negotia
891 802 1024 888 privata.
1059 805 1243 889 Quanquam

140 923 182 966 ex
199 900 330 988 privatis
347 923 470 988 quoque
484 901 551 968 istis
573 899 645 966 belli
662 922 754 966 causa
770 901 854 966 nasci
870 901 958 976 solet,
985 902 1178 988 frequentius
1195 912 1243 969 ta·

140 1023 213 1065 men
230 1023 270 1066 ex
287 1001 426 1087 publicis.
462 1000 539 1067 Ideo
556 1009 720 1088 postquam
734 1001 773 1066 de
790 1000 1042 1067 conventionibus
1055 1002 1244 1089 generaliter

140 1120 161 1165 a
178 1100 266 1165 nobis
282 1108 419 1165 tractata
441 1109 514 1166 sunt
530 1100 604 1165 satis
621 1098 728 1176 multa,
755 1099 898 1185 quadam
915 1100 1060 1166 addenda
1076 1110 1149 1168 sunt
1172 1123 1243 1187 quae

140 1197 183 1264 ad
199 1198 447 1265 excellentiorem
465 1201 545 1266 hanc
562 1198 693 1285 speciem
711 1199 897 1285 pertineant.

216 1299 260 1365 11.
307 1298 450 1363 Publicae
464 1300 522 1365 has
545 1297 771 1375 conventiones,
796 1319 873 1384 quas
889 1296 991 1363 Graeci
1008 1294 1168 1380 cavoriacum
1188 1321 1242 1365 ro-

141 1405 223 1473 cant,
240 1397 380 1464 dividere
396 1419 557 1484 possumus
573 1396 738 1473 insedere,
756 1397 944 1483 sponsiones,
962 1398 1121 1483 pactiones
1137 1397 1223 1463 alias.

210 1496 276 1562 111.
315 1498 332 1560 1
364 1499 414 1563 De
429 1497 570 1562 foderum
588 1504 621 1562 et
637 1496 835 1583 sponsionum
848 1495 1024 1562 discrimine
1041 1496 1121 1561 adiri
1138 1505 1241 1583 potest

139 1595 248 1663 Livius
264 1596 343 1662 libro
360 1618 408 1662 1x.
421 1596 473 1662 ubi
490 1605 576 1662 recte
592 1617 648 1661 nos
665 1595 755 1661 docet
769 1595 878 1660 federa
892 1616 959 1659 esse
975 1617 1045 1681 quae
1062 1596 1140 1661 fiunt
1150 1596 1240 1682 jussu
1253 1611 1328 1663 &aa

138 1717 267 1761 summae
292 1695 464 1783 potestatis,
488 1704 521 1762 et
542 1696 576 1760 in
596 1694 712 1782 quibus
729 1694 795 1780 ipse
820 1693 952 1781 populus
974 1693 1031 1759 irae
1051 1694 1164 1760 divinae
1186 1696 1240 1761 ob·

139 1794 304 1883 stringitur
329 1794 356 1860 si
380 1795 481 1860 miuus
500 1803 601 1861 stetur
626 1793 725 1860 dictis.
769 1796 818 1858 Ea
842 1793 927 1879 apud
949 1795 1106 1859 Romanos
1128 1795 1239 1883 peragi

138 1915 197 1981 per
213 1894 337 1960 feciales
354 1894 494 1960 solebant
509 1894 616 1960 addito
633 1903 724 1979 patre
740 1901 875 1980 patrato.
912 1893 1042 1978 Sponsio
1059 1902 1163 1959 autem
1180 1903 1237 1971 est,

138 1993 191 2058 ubi
214 1995 246 2059 hi
263 1993 317 2080 qui
337 2016 357 2059 a
373 2002 528 2080 potestate
548 2014 667 2059 summa
686 1992 865 2057 mandatum
888 1991 955 2078 ejus
975 1991 1022 2058 rei
1039 2015 1100 2057 non
1121 1993 1240 2058 habeut

137 2092 253 2179 aliquid
270 2094 465 2180 promittuut,
488 2092 572 2179 quod
594 2091 684 2157 illam.
697 2091 823 2178 proprie
845 2091 956 2179 tangit.
1003 2091 1096 2178 Apud
1121 2091 1238 2158 Sallus·

137 2191 216 2258 tium
242 2190 393 2281 legimus:
427 2194 571 2259 Senatus
598 2194 650 2257 uti
680 2214 747 2275 par
772 2203 844 2257 erat
877 2193 1026 2267 decrevit,
1055 2215 1112 2257 suo
1140 2205 1238 2278 atque
1247 2204 1385 2297 ffiffga

132 2294 251 2377 populi
284 2293 410 2376 injussa
438 2294 565 2357 nullum
592 2293 737 2378 potuisse
761 2292 864 2374 sedne
885 2291 970 2372 ficri.
1023 2289 1238 2377 Hieronymus

138 2391 364 2477 Syracusarum
388 2413 448 2456 rex
465 2413 533 2455 cum
557 2388 719 2465 Annibale,
743 2397 779 2453 ut
795 2396 904 2454 narrat
921 2385 1035 2464 Livius,
1059 2387 1236 2454 societatem
1250 2401 1390 2443 mutu-⁸

136 2489 273 2557 fecerat:
290 2498 324 2557 at
338 2498 447 2577 postea
464 2487 688 2578 Carthaginem
703 2486 787 2552 misit
802 2486 844 2552 ad
865 2485 955 2551 fedus
971 2508 1011 2550 cx
1028 2485 1175 2553 societate
1191 2487 1239 2552 la-

137 2588 287 2653 ciendum.
317 2590 423 2668 Quare
437 2588 541 2676 ⁸quod
557 2586 641 2674 apud
659 2587 808 2652 Senecam
826 2594 947 2672 patrem
965 2594 1033 2651 est:
1053 2590 1238 2672 Imperator

125 2690 230 2772 sedete
238 2692 412 2774 percussit,
429 2692 560 2754 uidetur
576 2686 720 2773 populas
730 2689 930 2771 percussisse
945 2688 1123 2761 Romanae,
1146 2700 1176 2752 et
1182 2690 1237 2772 se-

135 2789 211 2853 dere
227 2790 429 2854 continetur:
445 2787 487 2853 ad
503 2786 646 2872 antiquos
660 2807 714 2850 eos
731 2783 876 2870 pertinet,
893 2784 945 2870 qui
963 2785 1094 2871 speciale
1107 2785 1173 2869 ejus
1190 2785 1237 2850 rci

135 2886 316 2952 mandatum
332 2895 526 2973 acceperant.
563 2887 607 2951 Aa
622 2877 674 2949 biu
690 2884 805 2970 regnis,
823 2906 933 2971 regum
949 2893 997 2949 cst
1016 2883 1107 2949 fedus
1123 2882 1235 2950 facere.

134 2984 302 3072 Euripides
319 2987 535 3072 Supplicibus
551 2986 646 3068 (vers.
666 2984 763 3059 1188,
782 2990 814 3048 et
831 2984 952 3068 seqq.)=

134 3162 297 3223 sequentibus.
328 3162 424 3209 Servius
434 3163 464 3209 ed
474 3162 533 3208 illud
545 3175 574 3209 ιι.
584 3162 660 3208 AEnc·
710 3158 775 3218 Quia
784 3157 849 3218 qnod
859 3172 902 3203 rea·
907 3158 1027 3217 promittit
1036 3157 1129 3203 ridetur
1137 3157 1234 3216 respub-

134 3237 190 3283 idor
200 3238 277 3298 (rere.
285 3236 357 3297 161):
709 3234 757 3279 lica
765 3234 911 3293 promittere.
942 3234 976 3279 Et
989 3234 1030 3279 ubi
1045 3233 1138 3279 AEneas
1151 3233 1235 3293 singu-

708 3309 753 3353 lari
775 3309 905 3354 certamine
921 3312 1073 3368 puguaturus
1093 3309 1159 3367 prius
1179 3322 1235 3353 curn

709 3383 796 3429 Latino
803 3384 872 3429 sedus
879 3384 950 3441 facit3
961 3383 1079 3443 Turnum,
1090 3384 1132 3441 ait,
1142 3399 1188 3430 noa
1195 3384 1232 3430 ὑι-

450 3512 923 3531 ...-...-.,--.-...-...-..

133 3597 345 3668 process-more
357 3598 516 3669 commonly
529 3599 605 3653 from
618 3599 713 3671 public
726 3603 878 3670 questions.
925 3599 1087 3664 Therefore,
1101 3600 1178 3654 since
1191 3615 1233 3654 ve

133 3680 204 3737 bave
218 3684 361 3739 discumed
378 3701 462 3755 many
476 3684 570 3755 points
589 3684 656 3739 with
675 3686 775 3756 regard
792 3692 823 3741 to
842 3692 983 3757 compacte
1000 3687 1029 3739 in
1051 3685 1173 3756 general,
1191 3701 1233 3739 we

132 3775 208 3823 must
221 3769 277 3823 add
288 3785 367 3825 rome
381 3771 507 3825 remarks
518 3769 670 3842 belonging
682 3778 712 3825 to
726 3771 783 3826 thie
795 3788 873 3826 more
886 3772 1012 3826 eminent
1026 3770 1095 3825 kiucl
1110 3769 1143 3825 of
1155 3787 1232 3825 com·

131 3859 207 3924 pact.

185 3939 224 3994 11.
260 3939 352 3996 These
362 3941 459 4012 publio
475 3949 652 4013 agreemente
663 3959 705 3997 ve
719 3959 784 4015 may
798 3942 891 3999 divide
905 3944 967 3999 into
980 3941 1082 3997 Public
1097 3940 1233 4006 Trcaties,

132 4023 294 4095 Sponsions,
308 4026 365 4080 and
377 4027 459 4082 other
474 4027 652 4100 Compacts*.
773 4076 778 4087 .
1229 4098 1235 4103 ,

184 4110 238 4166 ΠΙ,
272 4118 287 4166 1
306 4112 386 4168 With
404 4113 505 4184 regard
517 4119 547 4170 to
559 4114 608 4170 the
620 4114 771 4169 difference
785 4113 822 4170 'of
834 4114 937 4169 Public
949 4114 1075 4169 Treaties
1091 4110 1231 4181 (Foedera)

130 4195 188 4251 and
196 4196 385 4254 Consentions
397 4199 480 4254 made
495 4216 532 4254 on
544 4201 674 4272 personel
688 4200 896 4274 responsibility
908 4198 1103 4271 (Speratum),
1114 4218 1155 4254 ve
1167 4215 1232 4268 may

129 4282 196 4338 take
210 4283 305 4356 Livy's
320 4285 397 4351 view,
418 4287 450 4339 in
467 4283 557 4341 which
574 4287 611 4343 ho
625 4303 688 4359 says
703 4285 882 4359 thatfoedm
897 4304 945 4342 are
964 4287 1079 4343 trcatica
1094 4285 1177 4340 made
1190 4283 1230 4353 by

544 4394 561 4429 ⁸
577 4395 622 4443 Sos
635 4394 671 4443 E.
685 4393 725 4441 M.
741 4395 809 4442 1124.

231 4518 416 4613 ...m
1109 4475 1130 4539 ⁹
1326 4438 1380 4664 Α
