2834 4920
136 276 205 332 Car.
218 269 302 343 XX.]
580 272 632 325 DE
654 271 792 326 POENIS
1177 266 1248 332 287'

137 445 259 524 partem
276 431 412 519 priorem
429 431 473 497 sic
490 431 643 520 expressit
661 432 789 499 Cicero:
826 434 928 498 Via
906 435 997 517 yon's
1020 435 1177 519 ejusmodi
1192 449 1239 503 est
1252 464 1355 550 aa&ch
1363 467 1379 511 ι
1384 466 1403 503 a

138 535 367 623 quibusdam'
352 556 390 598 eo
414 535 517 609 rebus,
541 544 578 597 ot
599 535 687 597 citit
711 534 757 597 sit
781 535 844 598 loci
864 536 1010 618 prutiae:
1033 522 1270 620 posteriorem

139 635 183 700 sic
210 633 294 698 Dion
327 632 516 698 Prnsaeensis
551 630 691 696 oratione
725 630 766 696 ad
799 630 1048 697 Alexandrinos:
1083 638 1237 728 χρηστοῦ
1253 659 1301 707 rus
1310 649 1373 698 'aas

139 727 310 847 ἡγεμόνος,
331 728 530 822 συγγνώμη·
558 732 633 796 toci
653 732 811 853 proesidis
833 744 888 807 est,
913 734 1084 815 iphoseere.
1136 735 1238 799 Favo-

139 832 228 897 rinos
253 827 272 910 ἡ
298 829 480 911 καλουμένη
507 824 603 923 χάρις
629 824 721 922 stapel
745 831 817 901 τοῖς
841 826 1032 922 ἀνθρώποις,
1060 860 1165 900 τουτο
1182 826 1238 901 irr-
1251 849 1375 936 Agufflrss

141 959 193 998 τιν
218 923 339 1022 αφεσις
364 924 572 1019 ἀκριβείας
557 958 593 997 ον
617 921 738 997 δέοντι·
761 950 802 993 ea
825 952 897 1015 quoe
917 931 1043 995 dicitur
1069 934 1238 998 clementia

141 1032 233 1114 apud
250 1031 400 1104 homines,
418 1041 465 1095 est
482 1030 669 1113 tempestivo
685 1028 847 1093 reluctatio
864 1031 904 1093 dc
919 1050 1042 1094 summo
1051 1031 1138 1114 juro.

218 1127 344 1192 XXIII.
396 1128 529 1192 Possunt
543 1133 648 1191 autem
665 1126 728 1190 tria
749 1126 816 1191 baec
833 1148 1005 1205 occurrere,
1023 1138 1079 1193 aut
1095 1137 1131 1194 ut
1146 1151 1239 1216 poena

143 1225 265 1291 omnino
282 1225 323 1290 sit
337 1224 501 1313 exigenda,
520 1229 572 1291 ‘ut
593 1224 626 1287 in
649 1224 772 1310 pessimi
789 1226 922 1311 exempli
938 1224 1114 1305 sceleribus,
1130 1237 1186 1294 aut
1203 1239 1238 1294 ut

142 1324 265 1389 omnino
295 1347 358 1389 non
386 1323 550 1411 exigenda,
580 1331 617 1388 ut
645 1323 672 1388 si
700 1326 814 1390 bonum
848 1324 1004 1410 publicum
1038 1326 1137 1392 omitti
1169 1349 1238 1392 eam

144 1423 263 1511 exigat,
280 1431 336 1488 aut
352 1431 388 1488 nt
403 1423 497 1488 liceat
513 1421 686 1490 utrumvis:
710 1443 772 1507 quo
794 1422 931 1508 pertinet
948 1423 1030 1509 quod
1048 1425 1093 1490 ait
1110 1425 1238 1501 Seneca,
1254 1453 1403 1497 ικιημνη.

144 1521 338 1587 clementiam
352 1521 484 1587 liberum
505 1522 623 1587 habere
643 1520 816 1586 arbitrium.
868 1523 974 1588 Parcit
995 1530 1079 1601 tunc,
1096 1525 1241 1611 inquiunt

146 1620 251 1697 Stoici,
266 1621 398 1709 sapiens,
415 1642 479 1685 non
494 1618 634 1710 ignoscit.
677 1619 774 1697 Quasi
790 1641 866 1685 vero
882 1620 971 1686 nobis
985 1643 1047 1686 non
1063 1622 1155 1690 liceat
1172 1647 1240 1690 cum

145 1718 240 1807 vulgo
267 1719 412 1806 loquendi
439 1719 562 1785 domino
589 1718 750 1807 ignoscere
779 1740 900 1795 vocare,
928 1719 1011 1805 quod
1036 1743 1167 1807 parcere
1196 1722 1241 1787 illi

145 1826 265 1883 vocant
311 1819 466 1884 Nimirum
492 1827 525 1884 et
548 1817 600 1882 hic
624 1825 657 1883 et
682 1816 765 1894 alibi,
787 1825 823 1882 ut
845 1817 966 1895 Cicero,
985 1818 1122 1886 Gelonus
1147 1830 1241 1907 atque

144 1916 197 1981 alii
226 1924 385 1993 notarunt,
418 1939 535 2006 magna
563 1937 637 2003 pars
671 1915 844 1982 Stoicarum
875 1917 1116 2004 disputationum
1145 1912 1243 1986 ‘circa

145 2037 236 2081 voces
265 2015 465 2093 consumitur,
493 2016 577 2101 quod
604 2014 787 2102 philosopho
815 2017 955 2102 apprime
985 2020 1154 2084 cavendum
1184 2029 1240 2085 est.

146 2115 229 2178 Nam
245 2123 280 2179 ut
296 2115 457 2180 verissime
474 2115 554 2180 dixit
574 2114 707 2201 scriptor
729 2115 770 2179 ad
793 2116 1005 2182 Herennium:
1030 2120 1181 2185 vitiosum
1197 2133 1243 2185 est
1255 2133 1299 2173 ns
1311 2134 1371 2174 Μ

147 2217 398 2280 controversiam
433 2216 599 2280 intendere
629 2226 767 2298 propter
806 2217 973 2280 nominum
1012 2221 1243 2284 mutationem:

148 2310 231 2395 quod
263 2311 444 2378 Aratoteles
478 2311 612 2389 dixerat,
647 2308 854 2398 ονλαβητὲον
888 2310 930 2380 vd
963 2311 1045 2404 πρός
1078 2345 1119 2383 το
1142 2346 1242 2396 ονομα
1258 2336 1330 2430 Τγίσ-
1313 2336 1393 2376 aaut

148 2402 373 2499 διαλεγοσθαι.

224 2510 345 2575 XXIV
379 2512 398 2576 1
431 2510 534 2598 Major
554 2532 622 2577 οοοο
645 2510 807 2577 difficultas
826 2509 951 2577 videtur
976 2519 1047 2598 post
1062 2512 1164 2601 legem
1182 2535 1246 2602 pm-

147 2707 169 2749 et
176 2707 286 2749 naman
296 2707 318 2750 et
326 2704 399 2751 citam
409 2705 535 2751 humanam
543 2706 626 2762 οίοὶαε,
636 2706 672 2753 ita
721 2719 801 2763 usum,
814 2710 843 2752 ut
856 2707 890 2752 alt
904 2707 1049 2753 Scholiasta·
1058 2707 1163 2757 Horatii.
1194 2709 1246 2756 An·

146 2784 173 2825 ut
182 2779 224 2838 qai
233 2779 261 2824 id
269 2793 314 2825 noa
326 2781 414 2839 puniat
429 2785 452 2827 st
465 2781 552 2840 ipsein
562 2787 673 2828 naturam
722 2782 835 2842 guttinus
844 2787 929 2828 contra
940 2783 1101 2830 academicos:
1116 2789 1184 2844 turpe
1196 2784 1246 2832 dis-

143 2859 233 2914 peceet.
262 2853 357 2917 (Antip.
373 2856 433 2904 Μ.
451 2869 518 2905 xvrr.
539 2856 554 2917 ᾖ
569 2860 592 2905 6.
622 2857 673 2904 Ed.
722 2857 859 2915 pennatus
868 2857 893 2902 ia
903 2858 1024 2904 verboram
1033 2859 1156 2918 ηνοοοίοηο
1166 2859 1246 2906 imorc-

148 2928 241 2988 Huds.)
724 2929 787 2985 rari,
801 2944 853 2976 cum
863 2934 978 2976 certamen
989 2932 1078 2978 nauum
1090 2932 1120 2978 de
1132 2934 1200 2980 rebus
1209 2949 1247 2980 re-

193 3003 290 3051 ‘cursa
314 3019 380 3052 occec
404 3006 559 3066 conmmitar]
598 3007 675 3052 Extra
725 3004 844 3050 νιοηοονίε.
874 3005 988 3063 (Caph.)

151 3264 256 3324 oppose
273 3249 514 3304 insurmountable
535 3248 681 3304 obstacles.
721 3250 760 3305 So
782 3249 910 3320 Sopater,
932 3248 1039 3313 Cicero,
1060 3247 1115 3304 Dio
1138 3249 1247 3325 Prosae·

150 3336 233 3400 ensis,
246 3336 409 3390 Favorinus.

208 3421 321 3476 XXIII.
367 3421 459 3475 These
476 3437 552 3475 esses
570 3438 635 3491 may
657 3436 757 3474 occur:
780 3419 843 3474 that
860 3419 1041 3491 punIehment
1058 3438 1123 3492 may
1137 3421 1249 3493 require

153 3506 309 3579 absolutely
321 3512 351 3561 to
363 3507 400 3561 be
414 3507 539 3572 exacted,
553 3523 584 3561 as
598 3508 628 3560 in
645 3507 744 3561 crimes
757 3506 789 3559 ol
801 3523 868 3577 very
882 3506 938 3560 bud
953 3507 1078 3578 example
1087 3523 1172 3571 ;-or
1185 3524 1249 3578 may

152 3591 189 3646 be
201 3591 234 3645 tit
244 3599 296 3646 not
308 3599 338 3646 to
353 3593 389 3647 be
404 3592 529 3655 created,
546 3609 577 3646 as
597 3591 621 3644 il
634 3591 684 3646 the
702 3592 796 3662 public
813 3591 887 3661 good
905 3592 1054 3662 requireit
1071 3596 1101 3646 to
1116 3591 1152 3647 he
1167 3594 1251 3648 omit·

152 3676 200 3731 ted
208 3694 294 3742 ;—or
307 3678 398 3733 either
412 3694 510 3732 course
523 3694 587 3748 may
601 3678 638 3731 bo
652 3677 811 3731 allowable:
835 3677 925 3741 when,
938 3693 969 3730 as
985 3677 1091 3731 Seneca
1106 3695 1178 3749 says,
1193 3678 1251 3733 cu-

152 3779 244 3832 mmoy
258 3764 307 3817 Ιιοο
318 3766 381 3836 srcc
391 3764 456 3817 will.
503 3762 593 3826 Thon,
610 3779 659 3832 say
673 3761 723 3817 the
738 3763 837 3826 Stoice,
854 3761 903 3817 the
916 3762 981 3817 wisc
999 3780 1063 3816 man
1082 3779 1184 3834 speres,
1199 3764 1251 3819 but

152 3846 221 3903 does
232 3855 283 3902 not
292 3849 415 3919 pardon:
434 3865 465 3902 aa
477 3847 503 3901 ii
512 3865 552 3903 we
560 3847 650 3919 might
662 3848 795 3911 rotaith
807 3865 936 3903 common
945 3865 1038 3920 usage,
1051 3849 1103 3903 call
1113 3849 1176 3905 that
1182 3868 1251 3921 pcr-

152 3933 214 3995 don,
227 3933 317 3988 which
332 3933 399 4004 they
413 3934 468 3988 call
481 3935 604 4005 epar-ism.
649 3934 684 3987 In
701 3934 760 3988 fect
774 3933 842 3989 here
856 3934 912 3988 and
928 3935 1086 4000 elsewhere,
1100 3953 1131 3990 aa
1147 3936 1253 3999 Cicero,

153 4017 245 4072 Galen
257 4019 313 4072 aad
328 4019 422 4074 others
437 4019 509 4075 have
523 4020 619 4084 noted,
630 4036 648 4073 a
661 4025 741 4090 great
760 4025 825 4090 part
839 4019 872 4074 of
880 4019 929 4074 the
949 4020 1135 4092 disputatione
1151 4021 1184 4075 of
1202 4019 1252 4075 the

154 4101 245 4158 Stoica
258 4105 281 4158 is
296 4105 383 4160 about
395 4106 493 4170 words,
513 4105 604 4159 thch
621 4123 639 4159 a
652 4105 834 4177 philosopher
854 4104 941 4176 ought
956 4107 1092 4179 carcfully
1110 4112 1140 4161 to
1159 4105 1249 4161 avoid.

154 4189 193 4243 So
207 4189 258 4245 tho
268 4191 363 4245 writer
376 4198 407 4245 to
419 4192 577 4246 Herennius
592 4192 648 4245 and
661 4190 795 4244 Aristotle
813 4206 870 4261 say.

203 4275 322 4332 XXIV.
370 4283 383 4330 1
414 4276 507 4331 There
530 4293 619 4331 seems
645 4282 675 4331 to
697 4276 734 4331 bo
758 4293 776 4329 a
802 4280 913 4346 greater
938 4275 1081 4346 difficulty,
1102 4274 1176 4329 after
1202 4273 1252 4329 the

153 4360 301 4431 panellos
314 4362 338 4416 is
352 4362 514 4427 instituted3
532 4363 651 4417 became
668 4360 717 4415 the
732 4360 834 4416 author
848 4360 882 4415 of
894 4359 943 4414 the
954 4360 1005 4413 law
1026 4361 1049 4413 is
1064 4360 1093 4414 in
1111 4377 1129 4414 a
1146 4360 1253 4414 certam
