2834 4920
150 240 222 299 cnr.
236 238 332 309 xvi]
472 240 524 296 DE
546 240 923 298 INTERPRETATIONE.
1188 232 1252 299 157

151 408 278 474 tellecta
301 416 386 472 suot.
433 404 543 470 Rectoe
571 404 836 492 interpretationis
864 427 1010 471 mensura
1032 413 1080 472 est
1113 404 1252 473 collectio

151 504 264 572 mentis
280 526 320 569 ex
337 503 433 592 signis
450 504 584 569 maxime
602 504 821 591 probabilibus
872 507 939 570 'Ea
961 505 1051 593 signa
1067 514 1139 572 sunt
1155 506 1251 571 duum

152 626 312 694 generum,
330 603 429 669 rerba
445 611 478 669 et
494 603 678 690 conjecturae
694 604 784 670 aliae:
807 625 878 690 quae
897 611 952 669 aut
968 603 1096 670 seorsim
1113 605 1252 671 conside-

152 711 273 781 rantur,
289 710 345 768 aut
359 701 551 788 conjunctim.

228 803 271 867 ΙΙ.
324 801 358 868 Si
375 801 460 867 nulla
484 801 525 867 sit
542 802 718 889 conjectura
734 825 804 889 quae
821 800 915 868 duest
936 801 1006 878 alio,
1028 804 1125 870 rerba
1140 802 1252 870 intelli-

152 901 256 992 genda
272 910 345 968 sunt
366 923 405 966 ex
423 900 624 988 proprietate,
650 896 734 968 bnou
759 900 962 991 grammatica
978 923 1049 990 qum
1065 912 1113 970 est
1133 925 1173 968 ex
1190 903 1253 969 ori·

152 1002 236 1092 gine,
252 1001 308 1068 sed
326 1000 470 1088 populari
486 1022 526 1066 ex
541 1023 608 1078 usu,

270 1121 361 1186 Quem
377 1136 464 1192 penes
481 1120 628 1176 arbitrium
646 1126 698 1185 est,
714 1126 744 1176 et
756 1122 803 1192 jus
821 1126 851 1176 et
871 1137 971 1176 norma
987 1122 1128 1195 loquendi.
1264 1136 1391 1177 neam

156 1218 258 1285 Stulte
281 1240 357 1307 ergo
381 1217 520 1305 perfidiae
543 1217 657 1307 effugio
680 1218 728 1283 usi
745 1228 818 1286 sunt
834 1219 953 1295 cLocri,
979 1240 1049 1285 cnm
1066 1219 1194 1307 polliciti
1215 1242 1251 1287 se
1265 1184 1386 1228 mm

154 1316 253 1405 pactis
276 1325 412 1383 staturos
427 1316 572 1403 quamdiu
588 1325 707 1383 terram
723 1318 803 1383 hanc
825 1317 1004 1383 insisterent
1018 1326 1051 1384 et
1065 1318 1169 1406 capita
1193 1321 1252 1386 hu·

155 1416 249 1482 meris
280 1423 451 1505 gestarent,
480 1425 598 1482 terram
625 1415 839 1482 calceamentis
864 1415 1017 1504 injectam,
1049 1426 1082 1483 et
1108 1419 1252 1485 alliorum

154 1516 258 1602 capita
278 1515 416 1581 humeris
434 1514 578 1601 imposita
600 1514 789 1601 abjecerunt,
816 1515 904 1601 quasi
928 1537 966 1580 eo
989 1515 1080 1581 modo
1101 1515 1252 1606 religione

155 1637 189 1680 se
213 1624 339 1702 possent
356 1615 526 1691 exsolvere,
544 1635 615 1700 quae
638 1614 771 1680 historia
787 1614 871 1701 apud
888 1613 1054 1700 Polybium
1068 1624 1191 1683 exstat:
1214 1638 1252 1683 ac

155 1713 261 1779 similis
285 1713 425 1801 perfidiae
448 1713 590 1800 exempla
614 1712 732 1799 aliquot
756 1713 840 1800 apud
859 1711 1052 1801 Polymnum,
1076 1735 1146 1800 quse
1164 1725 1252 1782 tran-

155 1813 290 1879 scribere
306 1812 383 1878 nibil
400 1833 478 1900 opus
494 1819 550 1889 esi,
567 1811 641 1897 quia
656 1812 898 1878 controversiam
915 1833 978 1877 non
994 1812 1120 1882 babent.
1160 1816 1252 1903 Ejus-

155 1911 238 1977 modi
262 1911 422 1979 fraudibus
437 1918 523 1976 recte
547 1910 628 1976 dixit
644 1909 753 1977 Cicero
770 1911 932 2002 adstringi,
959 1932 1021 1977 non
1039 1912 1164 1981 dissolri
1180 1938 1252 2004 per·
1263 1948 1397 2035 goyse

151 2033 279 2096 Junum.

230 2111 291 2177 111.
343 2103 403 2173 qn
417 2107 533 2175 artium
549 2116 654 2176 autem
672 2109 836 2190 vocabulis,
854 2133 925 2197 qum
940 2111 1072 2199 populus
1088 2111 1141 2179 rix
1158 2113 1251 2201 capit,

155 2288 195 2330 ter
210 2284 270 2331 arira
285 2298 324 2331 res
339 2283 399 2345 ipsc
412 2298 461 2344 qua
475 2284 558 2330 solunt
571 2282 680 2342 borsines,
732 2284 865 2331 Tarsenses
878 2285 940 2345 oric.
956 2285 981 2331 in
992 2286 1132 2333 hiahnmete
1143 2287 1178 2333 11.
1195 2301 1253 2348 pag.

155 2361 271 2407 comeatu
286 2362 332 2408 itta
351 2360 464 2420 primitae
481 2360 593 2420 imposita
609 2359 681 2406 reduc
729 2363 782 2406 132.
812 2359 881 2406 Edit.
893 2359 1013 2419 lupdAE.
1026 2360 1093 2408 1664.
1124 2362 1154 2408 J.
1164 2362 1208 2422 B.]

155 2436 217 2482 sitit
226 2441 341 2485 sumtu.
370 2435 445 2496 (Cap.
456 2436 499 2496 ιι.)
772 2434 1145 2495 dlnmmammrmeocaouto]
1154 2437 1254 2496 Augus·

199 2510 311 2571 eLocri]
335 2510 457 2572 Polybius,
480 2509 534 2556 Lib.
547 2522 597 2556 xu.
619 2524 641 2558 e.
655 2512 680 2558 4.
727 2510 793 2556 tinus
803 2509 828 2553 in
838 2509 977 2556 rhetoricis:
997 2509 1031 2556 Ut
1043 2510 1255 2559 mercamentum

156 2584 238 2633 Simila
247 2587 312 2646 qnod
323 2585 403 2632 Boeoti
416 2586 500 2632 urbem
511 2585 613 2646 polliciti
625 2586 680 2632 red-
728 2599 745 2631 a
755 2584 866 2631 tectonicis
875 2589 898 2630 et
909 2585 1081 2631 mathematicis
1090 2599 1164 2646 φιαπι
1173 2600 1190 2632 ιι
1195 2587 1254 2646 plei-

155 2661 220 2719 dere,
235 2674 284 2708 non
301 2666 405 2708 mntem
420 2661 462 2706 sed
478 2674 583 2707 mersam
599 2661 680 2707 reddi·
718 2654 833 2719 'losephic
847 2660 1047 2720 comminantur,
1063 2662 1170 2721 accipere
1185 2662 1254 2710 debe.

156 2737 219 2783 dsre.
254 2736 363 2798 Tbnoyd.
381 2749 405 2783 r.
426 2736 488 2796 (cap.
504 2736 544 2794 42)
568 2739 593 2781 st
613 2735 679 2795 quod
727 2740 885 2780 maurontum
891 2735 1254 2795 prosoleoemcomecudtnts,

155 2811 306 2858 blshnmetes
329 2811 452 2867 Snltanns,
486 2811 580 2857 Euboea
601 2815 681 2871 capta,
727 2809 1121 2870 quamprocondttioneprccepts'.
1144 2810 1252 2871 (capt).

155 2899 209 2931 enm
224 2885 336 2932 dimecnit
353 2886 391 2932 eui
406 2889 479 2945 caput
493 2886 612 2933 incolume
627 2886 680 2932 iore
727 2884 832 2943 Princip.
843 2883 964 2931 Rhetoric.
979 2884 1040 2930 laiso
1049 2885 1086 2930 illi
1095 2885 1197 2932 Doctori
1206 2887 1251 2932 tri-

154 2960 303 3021 promiserst.
335 2959 410 3021 [wne
432 2959 457 3007 J.
473 2959 625 3006 Cnsrrmsn.
651 2960 680 3006 de
726 2957 862 3017 buterum.)

154 3187 229 3243 from
237 3186 606 3259 themostprobablesigns.
642 3187 734 3242 These
742 3187 817 3258 signs
825 3202 875 3241 are
883 3184 917 3240 of
924 3190 979 3240 two
987 3183 1079 3248 kiuds,
1088 3184 1187 3252 words,
1196 3186 1254 3242 and

155 3273 237 3329 other
245 3275 431 3344 conjecturem
447 3272 538 3329 which
547 3290 595 3328 are
604 3274 768 3328 considered
777 3272 868 3327 either
876 3271 1035 3343 separately
1043 3288 1076 3328 or
1087 3273 1251 3346 conJointly.

210 3359 247 3413 ΙΙ,
281 3359 312 3413 If
317 3359 398 3414 thore
409 3360 432 3413 is
444 3376 481 3414 no
491 3361 652 3431 conjecture
660 3357 751 3413 which
764 3358 857 3429 points
868 3356 988 3412 another
1001 3374 1087 3430 away,
1103 3358 1151 3414 tbe
1164 3360 1254 3415 words

155 3443 1254 3516 aretobeunderstood,notaccordingtcgrsmmaticolendetymologicel‚but

155 3530 275 3601 popular
285 3530 438 3602 propriety,
450 3547 481 3585 as
495 3530 642 3603 regulated
653 3529 691 3601 by
701 3546 795 3600 usage.
838 3530 913 3584 That
927 3547 982 3584 was
996 3545 1014 3584 a
1025 3530 1127 3585 foolish
1140 3532 1253 3585 erasion

155 3614 299 3670 therefore
313 3614 346 3669 of
357 3614 406 3669 the
416 3616 559 3681 Locrisns,
574 3615 644 3680 who,
658 3615 739 3670 when
753 3616 820 3687 they
831 3613 889 3669 had
899 3631 990 3670 sworn
1004 3614 1067 3669 that
1079 3615 1146 3686 they
1161 3616 1254 3671 would

154 3700 227 3772 keep
241 3700 316 3756 their
329 3706 458 3772 compaet
471 3718 502 3756 as
517 3702 583 3771 long
601 3717 632 3755 as
646 3699 714 3773 they
729 3701 811 3755 stood
828 3716 905 3772 upon
916 3700 966 3755 the
978 3700 1058 3755 earth
1072 3700 1130 3754 and
1144 3701 1255 3757 carried

155 3785 243 3840 heads
254 3801 292 3840 cn
305 3785 381 3841 their
391 3785 545 3852 shoulders‚
559 3792 612 3858 put
626 3786 707 3841 earth
721 3786 751 3838 in
766 3785 840 3841 their
859 3785 950 3850 shoes,
969 3785 1025 3839 and
1043 3784 1129 3840 heads
1144 3787 1177 3841 oi
1190 3803 1254 3857 gar-

156 3870 212 3926 liek
225 3887 263 3925 on
275 3870 350 3925 their
368 3871 523 3936 shoulders‚
541 3872 598 3926 and
611 3871 681 3926 then
695 3870 784 3925 threw
798 3870 876 3926 them
888 3888 982 3942 aways
1004 3887 1034 3925 ns
1049 3870 1075 3924 if
1089 3870 1157 3943 they
1169 3870 1254 3926 could

155 3956 185 4010 in
208 3955 271 4011 that
295 3973 355 4028 vray
374 3956 435 4012 free
456 3957 623 4013 themselves
645 3957 720 4011 from
741 3956 816 4011 their
834 3956 918 4011 cath:
950 3973 980 4010 es
1008 3957 1058 4011 thc
1079 3964 1157 4029 story
1176 3958 1199 4011 is
1222 3958 1254 4011 in

154 4041 299 4113 Polybius.
323 4042 416 4097 There
430 4059 478 4097 are
492 4059 570 4097 some
581 4042 723 4113 exemplos
735 4042 769 4096 of
779 4042 886 4096 similar
896 4041 953 4096 bad
967 4041 1039 4095 saith
1053 4042 1084 4095 in
1096 4043 1254 4113 Polyaenus,

155 4127 245 4182 which
256 4128 280 4182 it
288 4128 311 4181 is
323 4134 374 4181 not
385 4144 532 4199 necessary
544 4135 572 4182 to
587 4127 750 4191 transcribe,
763 4128 884 4182 because
895 4126 977 4181 there
989 4128 1012 4181 is
1024 4142 1061 4180 no
1074 4136 1255 4198 controversy

155 4212 185 4267 in
208 4212 278 4267 such
298 4229 384 4267 cases.
431 4212 530 4267 Cicero
553 4212 657 4286 rightly
677 4230 750 4286 says,
771 4212 834 4269 that
851 4211 919 4266 such
941 4212 1063 4267 artifices
1078 4212 1115 4266 do
1137 4219 1188 4267 not
1208 4228 1256 4266 ex·

153 4304 280 4362 tenuate,
293 4298 345 4353 but
359 4297 494 4353 establish
508 4298 626 4371 perfldy.

210 4384 265 4439 111.
310 4384 346 4438 In
360 4388 446 4439 terme
463 4382 497 4437 oi
508 4389 561 4447 art,
577 4383 716 4450 horreret,
736 4383 824 4440 which
840 4400 888 4439 aro
899 4382 1049 4456 popularly
1060 4381 1162 4452 hardly
1173 4379 1256 4436 intol-

1277 4460 1380 4654 Ι
