2834 4920
220 244 262 309 80
578 255 631 311 ΒΕ
654 254 955 313 conteremus.
1196 256 1316 328 [lanan.

220 417 385 504 impendia,
404 419 545 488 serantur
569 442 590 488 a
611 421 742 488 dominis
764 422 888 488 navium
909 432 942 489 et
964 420 1111 486 mercium
1128 425 1210 510 npro
1227 432 1319 509 parte

220 539 313 602 quam
341 519 460 586 habent
485 520 519 584 in
543 541 581 586 ea
605 541 734 586 summa
785 523 829 587 Et
853 522 921 587 haec
946 521 1080 607 quidem,
1097 542 1167 608 qna
1184 521 1318 589 diximus

219 616 378 693 hactenus,
395 618 454 705 ipsi
466 618 533 705 juri
548 625 670 685 nathae
686 627 759 685 eunt
775 631 988 686 consentanea

296 717 416 782 XXVI.
470 722 488 782 1
523 718 591 783 Neo
607 718 639 782 in
655 717 704 782 hie
718 718 791 804 jure
808 718 948 807 gentium
965 717 1137 785 voluntario
1154 719 1317 806 quicquam

219 823 373 881 mutatum
398 824 550 902 apparet:
581 838 641 882 nno
664 825 803 904 excepto,
830 818 914 904 quod
935 817 1130 904 inaequalitas
1155 839 1259 884 rerum
1285 819 1317 883 in

221 934 315 999 quam
345 936 525 980 eoneeneum
551 923 611 992 eet,
641 914 714 980 ⁵ubi
740 936 797 980 nec
825 916 1017 982 mendacium
1047 915 1230 993 intercemit,
1259 938 1317 982 nec

221 1012 288 1098 ejus
305 1013 389 1098 qnod
407 1012 525 1078 dictum
541 1013 679 1100 oportuit
702 1013 875 1091 reticentia,
902 1015 935 1079 in
958 1015 1130 1081 actionibus
1155 1015 1319 1082 exteriori·

219 1109 277 1176 bna
299 1131 357 1196 pro
381 1110 559 1198 aeqimlitate
581 1112 736 1178 hebetur:
758 1112 803 1178 ita
819 1122 855 1178 ut
871 1114 1024 1198 quomodo
1037 1113 1111 1199 jure
1132 1113 1213 1180 civili
1242 1124 1318 1181 ante

219 1208 467 1275 constitutionem
494 1209 680 1275 Diocletiani
704 1210 785 1276 actio
811 1210 844 1276 in
865 1211 1031 1277 loronulla
1053 1212 1188 1277 debatur
1204 1213 1317 1278 adver·

219 1329 271 1373 eus
300 1307 395 1373 talem
422 1307 672 1394 inequalitatem,
698 1308 743 1374 ita
768 1330 826 1374 neo
848 1309 933 1375 inter
949 1332 1003 1376 eoa
1019 1311 1073 1396 qui
1085 1310 1159 1397 jure
1176 1311 1316 1399 gentium

219 1406 284 1471 eolo
307 1406 463 1473 sociantur
488 1405 609 1471 exactio
635 1416 692 1472 ant
715 1407 832 1472 coactio
853 1407 895 1473 eit
914 1430 952 1474 eo
966 1408 1098 1474 nomine.
1146 1409 1217 1474 Hoc
1234 1409 1317 1474 enim

89 1526 98 1565 ι
131 1526 206 1576 ean
219 1513 267 1570 eet
293 1504 377 1591 quod
403 1504 449 1571 ait
476 1504 673 1591 Pomponius,
704 1505 737 1570 in
767 1506 869 1593 pretio
896 1505 1081 1573 venditionis
1110 1515 1143 1573 et
1174 1506 1317 1573 emtionis

113 1573 202 1668 ‘’ii-b
218 1603 404 1670 naturaliter
419 1603 514 1670 licere
534 1625 568 1669 se
587 1613 695 1670 mutuo
717 1604 960 1672 circumvenire:
985 1605 1038 1671 nbi
1063 1605 1157 1672 licere
1183 1614 1231 1671 eet
1253 1628 1318 1671 non

54 1664 135 1706 m
218 1702 342 1788 quidem
362 1702 410 1768 fae
432 1725 510 1779 ease,
536 1701 592 1767 aed
616 1701 662 1768 ita
681 1702 822 1789 permitti
841 1712 878 1769 ut
899 1704 1016 1769 nullum
1033 1712 1142 1770 contra
1157 1703 1316 1791 proditum

218 1801 260 1866 eit
275 1801 445 1866 remedium
461 1801 495 1866 in
510 1822 581 1866 eum
598 1800 650 1888 qui
667 1822 701 1866 ae
718 1810 810 1888 pacto
826 1801 903 1867 uelit
922 1802 1098 1868 defendere.

294 1901 316 1965 2
345 1900 557 1966 ⁰Naturaliter
573 1908 677 1965 autem
695 1921 732 1965 eo
748 1900 781 1965 in
797 1900 875 1977 loco,
892 1909 929 1966 ut
945 1910 979 1967 et
991 1901 1066 1967 alibi
1080 1900 1247 1978 interdum,
1260 1924 1316 1989 po·

217 1997 311 2064 eitum
330 2008 378 2064 eat
394 2020 452 2087 pro
467 2021 505 2064 eo
521 1999 605 2085 quod
619 1998 736 2086 recepti
753 1998 866 2086 peaeim
877 1999 972 2065 moria
988 2009 1049 2066 est:
1066 2002 1218 2087 quomodo
1231 2002 1316 2088 apud

54 2109 198 2153 teor-¹¹³⁴
216 2096 399 2185 Apostolum
431 2099 562 2164 Paulum
592 2097 660 2183 ipsa
690 2105 803 2163 nature
836 2097 948 2164 docere
980 2098 1094 2165 dieitur
1127 2099 1195 2166 viro
1222 2107 1315 2187 turpe

216 2217 284 2262 ease
305 2218 424 2262 comam
448 2197 543 2273 alere,
566 2218 635 2261 cum
652 2204 758 2261 tamen
779 2195 812 2262 id
833 2217 934 2283 neque
955 2207 1111 2286 repugnet
1132 2206 1263 2274 naturae,
1281 2207 1315 2264 et

217 2295 331 2360 multoe
346 2295 430 2382 apud
446 2295 575 2383 populos
591 2294 740 2361 usitatum
755 2294 804 2361 eit
847 2295 899 2362 Sic
924 2295 1075 2362 idolorum
1092 2296 1235 2372 cultores,
1252 2318 1316 2361 non

215 2404 320 2461 autem
342 2395 468 2480 quosvis
483 2395 622 2460 hominen
648 2391 748 2486 φύσει
765 2396 933 2473 ματαίους,
949 2395 1057 2475 idest,
1074 2409 1200 2462 notura
1214 2420 1315 2462 vacce

116 2530 123 2545 ·
214 2494 351 2580 appellat
383 2494 516 2581 scriptor
546 2493 618 2559 libri
653 2492 833 2578 Sapientiae,
864 2502 897 2560 et
935 2490 1036 2564 τέκνα
1071 2490 1171 2591 φύσει
1209 2491 1312 2588 ὀργῆς

259 2657 272 2683 ¹¹
286 2651 738 2711 Propertequamhabentineaeum·
789 2652 876 2710 oap.3.
891 2650 938 2711 §9-
969 2650 995 2696 J.
1006 2650 1039 2698 B.

214 2723 265 2783 mc]
287 2723 349 2771 Vide
364 2725 440 2770 eimile
456 2726 481 2770 in
496 2724 513 2769 1.
530 2724 739 2783 wisigotthorum,
832 2733 844 2758 ⁰
858 2724 1014 2770 Naturaliter
1026 2728 1103 2770 autem
1118 2739 1145 2770 eo
1160 2725 1185 2770 in
1195 2725 1257 2785 loeo]
1274 2727 1314 2773 Sic

214 2796 289 2843 Libro
299 2811 325 2845 v.
336 2798 375 2845 tit.
385 2812 408 2844 r.
419 2813 440 2846 c.
450 2800 473 2845 ὅ.
790 2798 891 2856 Gellius,
904 2798 958 2844 Lib.
971 2809 1011 2845 ιιι.
1024 2812 1044 2845 c.
1055 2801 1093 2844 10.
1108 2799 1138 2844 da
1147 2799 1211 2846 Actu
1224 2799 1313 2856 Cottiu-

261 2872 272 2901 ⁸
287 2872 378 2920 confer
394 2872 447 2919 heio
462 2872 671 2919 Pureunoartnu
684 2886 740 2918 noe·
787 2873 856 2933 pali:
872 2885 921 2919 rem
930 2877 1023 2918 natare
1033 2873 1083 2933 lece
1092 2874 1251 2933 operiendam,

216 2953 289 3007 trum,
305 2950 345 2996 Dc
359 2950 422 2996 Jare
436 2948 496 2998 Nat.
514 2954 537 2996 et
554 2947 624 2997 (lent.
644 2949 699 2997 Lib.
713 2961 738 2996 v.
832 2945 843 2975 ⁶
857 2947 918 2994 Post
933 2947 1034 3008 primam
1046 2947 1115 2994 iatine
1127 2948 1214 3009 operia
1228 2962 1316 2996 recen-

215 3203 276 3259 tion
289 3201 338 3257 the
350 3201 435 3257 loaeee
446 3200 538 3256 which
549 3200 616 3255 tale
629 3200 718 3271 place,
732 3216 836 3269 among
847 3198 937 3254 which
951 3215 1000 3254 are
1012 3197 1061 3253 the
1075 3213 1209 3268 expeneee
1221 3197 1255 3252 of
1263 3196 1313 3251 tho

215 3287 353 3341 woundod
367 3303 441 3350 men,
459 3302 563 3357 among
577 3285 627 3340 the
645 3302 752 3341 ownera
767 3286 800 3341 os
811 3284 861 3339 the
874 3284 951 3354 ahipe
965 3284 1022 3338 and
1036 3299 1150 3353 cargoee
1164 3283 1314 3352 according

215 3378 246 3427 ιο
258 3370 332 3425 their
343 3371 507 3442 proportion
519 3370 553 3424 of
563 3369 626 3424 that
640 3386 711 3423 eum.
747 3368 813 3423 And
827 3368 902 3423 what
921 3384 962 3422 we
976 3366 1047 3422 hare
1061 3366 1186 3421 hitherto
1200 3367 1312 3421 cnidon

215 3456 272 3511 thia
286 3455 394 3524 subject
408 3455 432 3508 ie
446 3453 593 3524 agreeable
607 3460 637 3507 to
652 3453 773 3506 Natural
786 3452 862 3506 Law.

272 3540 382 3595 XXVI.
413 3545 428 3593 1
450 3539 512 3593 Nor
526 3539 557 3591 ιιι
570 3537 650 3593 these
662 3544 778 3592 matters
789 3537 813 3592 ie
827 3535 963 3608 anything
977 3535 1104 3606 changed
1117 3534 1155 3606 by
1169 3533 1218 3589 the
1231 3535 1312 3588 inati-

215 3627 296 3682 tuted
308 3627 375 3680 Law
386 3626 420 3680 of
427 3624 562 3689 Nationa3
584 3623 732 3695 excepting
743 3622 798 3677 thie
810 3623 884 3694 only,
898 3620 961 3676 that
971 3622 998 3675 ιι
1008 3638 1046 3674 an
1057 3621 1210 3691 inequality
1222 3620 1255 3674 oi
1263 3620 1312 3677 the

216 3711 420 3767 contributione
432 3711 468 3765 be
482 3709 584 3781 agreed
599 3725 684 3779 upon,
697 3709 762 3773 thia,
774 3707 867 3763 where
877 3707 958 3762 there
972 3707 996 3761 ia
1011 3707 1123 3762 neither
1135 3706 1206 3760 falae
1219 3706 1312 3760 decla-

216 3798 309 3852 ration
323 3813 375 3851 nor
389 3797 529 3851 reticence
549 3795 583 3850 oi
596 3795 671 3849 what
691 3794 779 3865 ought
793 3801 824 3849 to
840 3793 911 3848 have
925 3792 998 3847 been
1011 3792 1080 3856 eaid,
1100 3792 1124 3846 ia
1140 3792 1171 3845 in
1190 3792 1314 3846 exterior

216 3884 323 3937 actione
336 3881 402 3937 hold
415 3882 460 3938 sor
474 3881 605 3952 equality.
650 3880 715 3934 And
727 3878 801 3944 thue,
815 3896 846 3934 aa
859 3879 898 3950 by
909 3877 959 3933 the
970 3878 1041 3932 Ciril
1055 3879 1121 3932 Law
1134 3877 1232 3933 before
1243 3877 1314 3932 Dio-

216 3968 320 4023 cletien
337 3967 418 4023 there
432 3983 487 4021 wne
501 3983 538 4021 no
552 3966 647 4021 action
661 3964 759 4019 before
773 3981 791 4018 a
805 3970 886 4020 court
897 3964 931 4019 of
941 3963 994 4019 law
1007 3963 1054 4019 for
1067 3963 1135 4018 euch
1149 3963 1312 4034 inequality,

216 4070 249 4108 eo
263 4070 326 4108 now
340 4069 443 4124 emong
456 4052 537 4107 thoae
551 4051 612 4105 who
627 4067 676 4105 are
691 4050 845 4105 connected
859 4050 926 4121 only
943 4049 981 4121 by
995 4049 1044 4105 the
1058 4050 1125 4104 Law
1139 4048 1173 4103 of
1183 4049 1313 4113 Natione,

216 4138 297 4194 thore
312 4141 335 4193 ie
352 4154 390 4193 no
408 4137 529 4192 demand
551 4153 584 4192 or
608 4136 782 4207 compuleion
804 4135 921 4190 allowed
936 4151 974 4190 on
992 4135 1055 4190 that
1072 4141 1199 4189 account.
1244 4133 1313 4189 Thia

216 4241 313 4296 agrees
334 4224 401 4279 with
420 4222 494 4277 what
508 4222 679 4293 Pomponiae
699 4238 771 4293 enyo,
791 4221 855 4276 that
872 4222 902 4275 in
920 4221 970 4275 the
987 4222 1064 4292 price
1084 4221 1117 4275 ot
1137 4219 1237 4290 aelling
1255 4219 1314 4273 and

217 4310 330 4383 buying
351 4311 374 4365 it
394 4310 418 4364 ie
433 4308 572 4380 naturally
592 4306 711 4362 allowed
730 4312 761 4362 to
778 4323 843 4361 men
860 4312 891 4362 to
914 4307 1086 4362 circumvent
1107 4322 1160 4361 one
1178 4305 1310 4360 another:

216 4397 310 4454 where
325 4397 437 4453 allotted
448 4410 554 4461 meana,
572 4398 623 4451 not
637 4392 700 4448 that
713 4393 737 4448 it
750 4392 774 4449 ie
785 4392 870 4466 right,
886 4392 939 4449 hut
957 4392 1020 4450 that
1035 4392 1116 4450 there
1129 4393 1153 4448 ie
1167 4390 1236 4447 euch
1247 4406 1314 4462 pera
