2834 4920
82 265 153 320 on.
168 258 248 332 xm]
524 263 576 316 nu
599 262 736 316 POENIS.
1121 257 1183 317 245

82 431 178 495 aliud
194 429 426 513 quidsuratete
442 437 497 503 cst,
517 448 583 513 pro
599 449 634 492 co
651 429 711 491 dot
725 449 850 512 panas.
902 427 989 493 Idem
1007 429 1179 514 posterius:
1196 458 1314 508 suess

86 522 360 614 συναλλάγματα
377 525 407 592 oi
424 524 559 591 naharai
576 520 718 593 ἐκάλουν
735 521 771 591 οὗ
785 521 884 605 μόνον
906 519 928 592 ἃ
944 522 1074 597 ἑκόντες
1092 557 1181 596 auve-

84 627 218 694 τίθεντο
242 622 325 716 πρὸς
342 619 509 703 ἀλλήλους
530 624 645 700 ποιεῖν,
672 619 763 690 α’λλᾶ
777 622 830 691 καὶ
848 620 894 691 ‘rei
912 621 976 690 ὑπο
997 629 1064 693 τῶν
1083 624 1182 706 νόμων

84 718 328 817 διηγορευμὲνα·
351 735 535 790 contractas
551 745 575 786 a
587 724 745 788 υοιονιὸυο
761 724 1014 807 appellabantur
1030 747 1093 790 non
1111 737 1183 790 tan-

84 837 153 889 tum
168 846 239 909 qua
255 825 377 889 mutatis
393 822 650 888 conventionibus
667 833 825 898 constant,
848 824 904 887 scd
921 834 951 887 ct
972 845 1043 908 quoe
1061 825 1182 908 lepidas

84 935 159 989 sunt
175 924 286 987 uetita.
344 930 356 947 ⁶

155 1021 215 1086 ΙΙΙ.
260 1023 279 1084 1
310 1018 374 1086 Sed
389 1018 482 1105 hujus
490 1017 572 1105 juris
588 1019 768 1106 subjectum,
786 1018 819 1084 id
836 1029 893 1097 est,
912 1020 1024 1107 cuijus
1040 1021 1182 1098 debetur,

83 1141 142 1208 per
158 1126 302 1185 naturum
318 1118 417 1205 ipsum
433 1117 671 1184 determinatum
687 1140 748 1184 non
772 1126 828 1183 est.
880 1119 987 1186 Dictat
1004 1118 1084 1185 enim
1101 1120 1182 1186 ratio

85 1217 266 1284 maleficium
289 1238 379 1303 posse
398 1215 509 1302 puniri,
535 1238 597 1280 non
618 1226 723 1281 eutem
745 1217 814 1303 quis
836 1217 946 1304 punire
970 1219 1102 1284 debeat:
1126 1219 1184 1284 nisi

86 1316 169 1402 quod
186 1315 260 1381 sutis
274 1314 391 1381 indicat
406 1322 520 1380 nature.
541 1314 858 1381 conuenientissimum
883 1339 949 1382 esse
966 1327 1001 1383 ut
1017 1317 1050 1383 id
1067 1317 1121 1383 fiat
1142 1320 1183 1384 ab

86 1436 123 1480 eo
139 1414 194 1500 qui
209 1412 349 1500 superior
362 1420 427 1478 est:
446 1420 628 1477 nontamen
645 1422 677 1479 et
693 1413 816 1477 omnino
832 1415 892 1480 hoe
909 1416 1099 1482 demonstret
1117 1439 1183 1482 esse

84 1511 301 1587 necessarium,
326 1511 385 1577 nisi
402 1532 465 1577 vox
486 1511 653 1597 superioris
677 1534 713 1577 eo
737 1521 877 1578 sumatur
896 1536 997 1591 sensu,
1020 1523 1056 1581 ut
1079 1515 1106 1580 is
1130 1515 1184 1601 qui

86 1611 167 1678 male
189 1610 255 1699 egit
275 1633 312 1676 eo
328 1609 394 1697 ipso
419 1631 453 1674 se
475 1609 585 1696 quovis
601 1610 661 1675 alio
684 1609 862 1676 inferiorem
884 1622 1046 1679 censeatur
1065 1613 1182 1691 fecisse,

85 1719 119 1776 et
141 1710 230 1796 quusi
252 1732 292 1775 ex
313 1708 471 1774 hominum
494 1730 587 1773 censu
608 1709 777 1782 detrusisse
798 1703 845 1775 ‘in
865 1733 989 1777 censum
1014 1712 1184 1779 bestiurum

85 1830 156 1895 quae
171 1807 287 1873 homini
304 1807 474 1893 subjacent,
499 1807 583 1893 quod
600 1828 620 1872 a
636 1807 790 1897 theologis
810 1809 992 1895 quibusdum
1016 1820 1064 1878 est
1080 1812 1184 1898 prodi·
1197 1830 1270 1925 Μ
1278 1831 1326 1915 it²

84 1916 162 1973 tum.
210 1907 427 1974 Democritus:
455 1906 555 2000 φύσει
581 1903 624 1973 ud
651 1901 768 2001 ἄρχειν
792 1904 911 1989 οἱκήῖον
937 1915 986 1999 τῷ
1011 1913 1184 2005 κρείσσονι,
1197 1904 1329 2016 ffissfii

1198 2015 1261 2060 Apud
1269 2013 1326 2053 stou

84 2066 147 2113 tltud
155 2067 227 2113 uetus·
235 2072 314 2114 tonat.
328 2066 384 2113 Hoc
393 2066 453 2112 enim
462 2064 534 2111 etiam
543 2066 610 2111 modo
661 2067 775 2113 Auctoris
795 2068 878 2125 nostri,
889 2069 938 2128 qui,
954 2071 1011 2115 dum
1026 2071 1125 2130 exponit
1139 2084 1186 2116 rua
1199 2062 1263 2100 Μ
1272 2060 1303 2104 ⁴7·

84 2141 225 2201 dicipotur't,
236 2141 300 2202 quod
309 2141 396 2187 dictum
405 2146 452 2186 eet:
469 2141 491 2186 α’
498 2154 544 2185 aaa
557 2142 611 2186 red·
659 2142 783 2199 uoluntate,
798 2144 925 2189 manifesto
935 2145 1048 2201 ostendit,
1061 2159 1087 2192 ee
1099 2146 1187 2205 legisse

79 2214 394 2276 ditsacieudoquoddebet‚
405 2213 486 2258 reddet
496 2212 611 2270 patiendo
659 2230 707 2263 rua
726 2222 815 2264 meme:
842 2231 987 2279 quemquem
1005 2221 1057 2280 ipse
1082 2228 1187 2266 erratum

84 2289 149 2351 quad
162 2289 234 2335 dehet.
252 2287 325 2348 (Cep.
337 2289 374 2335 16.
390 2286 453 2347 544,
468 2286 518 2333 Ed.
535 2287 610 2333 Βαιθ-
659 2304 707 2336 ιιοιι
718 2292 920 2348 animadverterit,
929 2294 1082 2353 etiamqunm
1093 2296 1118 2340 in
1129 2295 1187 2340 Edi·

85 2364 182 2424 dicun.)
660 2366 725 2411 tione
735 2380 790 2412 nun.
802 2367 873 2413 1632:
890 2368 989 2414 adderet
1000 2384 1069 2414 voees
1084 2383 1187 2429 sequen-

129 2448 141 2475 ²
155 2439 210 2501 Ipre
220 2445 242 2487 te
250 2440 304 2487 huic
309 2437 529 2500 panarubdr‘dt'eti]
541 2438 611 2485 Philo
660 2438 755 2497 teojam
766 2445 823 2496 tum,
835 2454 888 2499 qua
897 2441 922 2485 in
932 2442 1011 2500 prime
1021 2443 1134 2489 Editioue
1145 2444 1187 2490 de-

78 2514 133 2563 ·flne
149 2515 205 2562 libri
223 2514 295 2575 primi
310 2514 339 2560 de
358 2513 415 2561 tota
429 2513 524 2569 Mori&
540 2513 611 2560 αὐτοι
660 2519 724 2560 eunt.
754 2514 782 2560 J.
793 2514 824 2560 B.

77 2589 135 2651 ,γάρ
146 2607 189 2636 τοι
199 2589 349 2636 σπεύδοντες
357 2587 519 2647 α’μαρτᾶνειν,
534 2589 612 2634 στεύ-
704 2587 798 2649 ’Apud
809 2590 929 2636 thtwrt
941 2590 1071 2651 legendum
1081 2593 1186 2651 omuino,

84 2665 142 2710 om
162 2665 203 2710 sot
218 2665 281 2723 πρὸς
296 2665 430 2722 τιμωρίας·
444 2678 543 2722 peceare
558 2664 613 2710 dum
660 2669 689 2710 ut
708 2665 784 2710 edidit
799 2665 948 2719 Rreeurus:
974 2666 1147 2727 statuiturque,
1162 2674 1189 2715 ut

77 2738 211 2799 festinatis,
221 2738 255 2784 ad
264 2751 347 2797 patrae
354 2737 472 2797 serendas
478 2738 611 2797 fertinatis.
661 2739 746 2798 ιὀοατο
760 2739 852 2785 domiuo
863 2741 897 2786 ad
906 2741 934 2786 ιιι
940 2742 1064 2801 prolapsa,
1075 2743 1101 2787 in
1114 2744 1188 2789 terui-

86 2814 162 2874 (Peg.
172 2812 217 2861 ost
227 2813 268 2872 ο.)
660 2817 725 2858 tute:
741 2813 779 2858 ria
788 2816 944 2872 commta,
955 2831 1003 2875 pro
1019 2816 1104 2863 riberta
1116 2817 1187 2864 tuoe-

131 2885 186 2931 ⁸ln
203 2885 313 2931 omnibus
328 2885 479 2931 Editionibue
494 2890 546 2932 erut
560 2884 613 2932 heio
660 2894 732 2933 retur.
756 2889 818 2934 Vide
828 2890 861 2935 ibi
871 2892 896 2937 J.
906 2892 1079 2939 PnGreonov.
1089 2892 1187 2940 Notum.

84 2976 128 3010 erto
143 2961 241 3009 matta:
258 2962 300 3007 scd
316 2966 401 3007 contre
416 2961 544 3007 lectionem
561 2975 613 3006 om·
662 2961 993 3010 Siclocnsniludremtueit.
1024 2965 1051 3010 J.
1063 2967 1097 3011 B.

86 3039 153 3084 nium
163 3036 270 3096 corporis
279 3032 348 3081 durio
358 3034 483 3091 Codicum,
492 3035 612 3094 quosqui-
706 3034 715 3068 i
727 3034 757 3079 In
768 3048 858 3079 censum
867 3035 1006 3093 datiarum]
1024 3036 1063 3082 Sic
1073 3041 1098 3082 et
1108 3038 1189 3084 Moses

77 3113 142 3169 ‚dem
153 3110 262 3168 viderim,
277 3114 303 3156 et
316 3113 406 3169 praetcr
420 3113 525 3155 mentem
540 3109 612 3154 etism
661 3106 819 3152 Moimonides
829 3107 860 3151 od
869 3106 941 3153 Deut.
952 3107 1034 3154 xxxiii.

404 3240 608 3247 ——..-
622 3238 781 3246 .-..-.——--
792 3239 835 3244 —-
859 3240 862 3243 .

87 3333 118 3382 ιο
129 3325 182 3380 her
193 3342 255 3380 own
266 3325 383 3396 slererp
390 3326 510 3380 because
521 3326 584 3381 thot
596 3342 650 3380 nes
659 3326 708 3380 the
715 3324 896 3396 punishment
907 3325 953 3379 for
963 3323 1031 3379 euch
1041 3326 1186 3394 persons*.

143 3417 160 3465 4
181 3410 304 3466 Michsel
318 3410 456 3481 Ephesius
471 3427 508 3465 on
522 3410 655 3465 Aristotle
667 3411 818 3465 illustratae
833 3410 897 3464 this.

139 3496 194 3554 111.
239 3502 253 3550 1
278 3493 320 3550 o'f
337 3482 407 3551 such
424 3496 613 3567 punishment,
634 3496 683 3550 the
704 3495 820 3565 subject,
840 3495 903 3550 thet
924 3495 957 3559 is,
974 3493 1024 3550 the
1041 3512 1143 3566 person
1162 3506 1188 3550 to

87 3583 175 3636 whom
192 3582 216 3635 it
230 3582 253 3636 is
268 3581 332 3646 due,
350 3582 374 3636 is
392 3588 443 3636 not
460 3581 634 3636 determined
649 3581 687 3651 by
701 3587 802 3636 nature
816 3581 899 3635 itself.
945 3581 1056 3634 Nature
1070 3582 1188 3636 dictntes

87 3666 151 3722 thot
175 3665 316 3736 orildoing
341 3684 406 3738 moy
427 3667 464 3721 ho
487 3665 634 3737 punished,
656 3666 709 3720 but
734 3672 786 3719 not
808 3667 869 3720 who
900 3666 988 3736 ought
1014 3673 1045 3720 to
1066 3667 1186 3738 punish:

89 3757 190 3824 except
211 3751 274 3806 thet
293 3758 395 3806 nature
412 3751 578 3821 sufficiently
595 3752 730 3806 indicates
746 3751 807 3805 thet
822 3753 845 3805 it
858 3752 882 3805 is
895 3757 970 3805 most
984 3752 1105 3807 suituble
1125 3752 1188 3806 that

88 3838 112 3892 it
126 3837 162 3891 be
182 3837 257 3892 done
270 3837 309 3908 by
324 3853 378 3891 one
392 3837 454 3891 who
475 3837 498 3891 is
519 3838 661 3907 superior:
681 3843 729 3906 yet
743 3843 793 3891 not
809 3837 838 3889 in
855 3836 924 3891 euch
938 3853 999 3907 wey
1016 3853 1047 3891 us
1067 3844 1097 3892 to
1111 3837 1188 3892 eheu

87 3922 152 3978 that
163 3923 220 3977 this
231 3923 254 3978 is
266 3938 429 3994 necessary:
448 3928 547 3992 except
559 3921 607 3974 the
619 3921 694 3975 nord
705 3923 828 3992 mpcrior
841 3922 877 3975 he
889 3922 975 3976 tnktnr
986 3922 1017 3975 in
1028 3922 1084 3977 this
1099 3939 1188 3986 sense,

87 4007 151 4063 thet
174 4007 211 4063 he
230 4007 293 4061 who
308 4006 358 4062 hus
379 4008 452 4062 done
473 4023 568 4077 wrong
591 4006 650 4069 hus,
672 4006 709 4077 by
724 4007 786 4061 thot
803 4024 870 4078 very
888 4007 953 4071 icet,
972 4007 1054 4062 made
1074 4007 1191 4061 himself

87 4093 205 4148 inferior
219 4098 250 4147 to
264 4109 321 4163 any
332 4093 422 4155 other,
437 4092 493 4146 und
512 4092 562 4145 hus
577 4091 669 4145 thrust
683 4091 799 4145 himself
814 4098 864 4146 οιιι
878 4092 911 4145 of
927 4092 975 4147 the
988 4092 1058 4147 class
1074 4093 1106 4146 of
1121 4108 1187 4145 men

86 4178 148 4233 into
163 4178 227 4232 thet
242 4177 274 4232 of
286 4177 335 4231 the
346 4177 464 4231 inferior
474 4177 580 4240 brutes,
591 4193 621 4231 ns
633 4193 710 4231 some
722 4176 897 4247 theologicus
912 4176 987 4230 hold.
1017 4178 1071 4231 See
1083 4177 1187 4230 Demo·

86 4263 183 4328 oritus,
198 4263 341 4318 Aristotle.

132 4368 147 4394 ⁸
162 4369 242 4416 Tacit.
252 4368 340 4415 Amat.
354 4381 405 4414 ιιι.
415 4370 453 4417 53.
484 4370 537 4417 Τιιο
547 4382 656 4429 passage,
663 4368 753 4427 rightly
764 4367 829 4423 used,
840 4367 860 4411 is
871 4367 976 4425 nothing
985 4370 1011 4415 ιο
1022 4366 1064 4413 the
1074 4378 1189 4427 purpose,

86 4440 260 4502 uBuheyrsc
270 4440 386 4489 remarks.
960 4446 1193 4634 fl
