2834 4920
77 256 147 312 on».
161 248 244 324 xm]
524 252 576 305 un
598 249 737 305 emme.
1118 240 1182 304 303

155 415 309 485 XXXVI.
354 416 374 479 1
411 413 504 492 Quod
521 421 627 480 autem
644 412 786 490 diximus,
811 412 865 479 ubi
883 434 1005 502 magnes
1019 417 1182 502 urgentes-

79 541 141 607 que
157 539 258 583 eausae
270 522 402 594 cessant,
420 513 462 579 ad
480 512 678 579 minuendam
691 511 795 599 potius
810 535 936 599 poenam
953 521 1113 600 promptos
1125 533 1182 578 nos

79 639 146 684 esse
159 617 285 693 debere,
302 614 336 678 in
348 635 385 679 eo
402 611 574 679 clementioe
587 611 774 699 persultare
788 612 848 677 sita
863 621 919 678 est.
946 613 1028 677 Nam
1044 611 1181 698 priorem

79 717 112 784 iu
129 716 267 783 tollenda
283 735 378 800 poena
394 710 619 779 collocavimus.
654 714 742 787 Quia
754 714 884 797 difficile
896 724 942 778 est
956 724 1182 797 temporanee

82 830 163 893 tum,
180 813 282 900 inquit
300 812 428 892 Seneca,
445 813 607 898 qeidqssid
623 832 713 897 aeqeo
726 812 971 897 pluefutnrum
987 823 1033 877 est
1049 814 1086 876 in
1096 834 1181 896 par·
1167 833 1309 874 -uusai

83 929 144 982 tem
157 915 382 979 liemeneorem
387 913 622 998 preponderat
657 909 761 976 Alibi.
775 913 951 995 poenamsi
966 923 1034 976 tuto
1047 891 1211 996 peterit,
1193 881 1309 982 ruisse

82 1018 187 1090 donet,
206 1015 259 1078 sin
275 1014 395 1088 minus,
414 1022 573 1095 temperet.
613 1008 658 1074 Et
674 1009 758 1095 apud
774 1010 947 1075 Diodorum
966 1008 1101 1075 Siculum
1116 1010 1182 1075 lau

83 1113 179 1178 datur
194 1133 252 1177 rex
273 1108 454 1198 AEgyptius,
472 1107 580 1194 qued
571 1118 747 1194 imponeret
764 1110 916 1201 τιμωρίας
937 1104 1105 1181 ἐλάττους
1122 1110 1181 1189 τῆς

83 1209 186 1298 eigins,
204 1202 385 1295 *supplicio
400 1210 527 1275 merisne
543 1209 681 1273 minem
727 1209 779 1273 De
795 1210 841 1273 M.
859 1208 1016 1274 Antonino
1035 1208 1182 1295 Capitoli-

1194 1027 1309 1072 mettid

83 1334 161 1376 nus:
188 1321 260 1376 erat
276 1330 344 1375 mos
360 1310 421 1373 iste
437 1309 612 1382 Antonino,
627 1319 665 1372 est
681 1308 793 1373 omnio
808 1311 952 1374 crimine
968 1309 1091 1373 minore
1107 1330 1182 1394 sup·
1194 1322 1283 1374 cnr-³*

78 1412 193 1496 plicia,
211 1430 311 1495 wem
329 1408 455 1493 sepiem
464 1407 569 1494 plecti
585 1407 729 1483 solerent,
742 1409 888 1492 puniret.
914 1407 1029 1472 <Iesus
1041 1409 1182 1493 ⁵quoque

85 1517 192 1574 crater
225 1506 314 1583 dixit,
341 1513 486 1593 oportere
518 1504 604 1593 leges
633 1503 758 1591 quidem
789 1504 934 1571 constitui
966 1505 1095 1595 rigidas,
1125 1505 1181 1571 sed

85 1601 216 1696 ¹‘poenes
238 1604 323 1694 exigi
351 1603 472 1694 legibus
497 1603 645 1669 mitiores.
692 1604 737 1670 Et
765 1605 910 1671 Isocratis
934 1613 982 1670 est
1011 1604 1181 1671 monitum.
1194 1627 1309 1676 sanes

86 1706 148 1779 ‘reis
175 1707 327 1797 τιμωρίας
353 1698 519 1776 ἔλατ-τους
546 1704 711 1771 ποιεῖσθαι
741 1732 811 1773 των
839 1699 1169 1796 ἆμαρτανομένωνἻι
1145 1716 1183 1770 et

79 1829 186 1894 poenoe
202 1807 399 1892 inflipantnr
414 1805 509 1889 infre
520 1804 653 1887 pwcets'
667 1806 805 1870 medum.

157 1908 179 1972 2
213 1898 421 1991 ¹Augustiuus
443 1901 586 1967 comitem
603 1901 864 1969 Marcellinum
839 1924 884 1968 sic
907 1902 1054 1969 admonet
1073 1923 1120 1968 sui
1110 1901 1184 1967 ei·

1196 1674 1247 1714 len.

85 2003 167 2071 ficii:
192 2006 277 2069 miti
293 2003 479 2070 sollicitudo
496 2003 644 2067 menime
657 2003 790 2069 incesse
802 2015 860 2079 est,
886 2005 1025 2088 neforto
1040 2004 1185 2069 aethlimi·
1226 2004 1229 2009 ’

89 2117 142 2170 tes
160 2116 220 2170 tuo
236 2114 362 2170 oensem
375 2123 428 2167 eos
445 2113 542 2166 tante
555 2101 659 2186 lepram
676 2105 845 2168 caecitate
862 2125 927 2170 essa
937 2104 1132 2189 plectendos,
1149 2112 1188 2169 et

87 2205 205 2287 quaetio
211 2205 374 2288 secennt,
402 2202 487 2266 talin
498 2203 688 2287 patientur,
705 2203 839 2285 ideoque
861 2204 910 2269 bis
929 2203 1034 2268 literis
1049 2203 1188 2268 obtestor

90 2359 247 2408 Orationibus
256 2357 320 2416 lsai,
334 2371 388 2419 quse
398 2358 462 2405 circa
475 2362 615 2405 conmoser-
662 2360 719 2406 bolo
731 2360 789 2406 mali
802 2359 895 2418 Punici,
910 2374 964 2407 cum
979 2360 1058 2406 dicte:
1075 2359 1188 2406 Sehecre.

89 2436 138 2482 sias
148 2435 229 2482 civiles
239 2447 321 2480 omnes
330 2438 463 2482 venantur.
485 2435 616 2482 Autsalde
663 2432 718 2479 Rex
728 2432 890 2480 Theodericus
900 2435 964 2494 apud
976 2433 1144 2480 cassiodorum
1151 2446 1190 2480 ιι.

89 2509 169 2566 iallor,
184 2513 228 2555 aut
243 2508 316 2555 hahet
330 2508 376 2556 hoe
393 2510 488 2556 Auctor
504 2512 616 2556 nestero
663 2509 703 2555 40.
730 2508 779 2569 Qui
790 2509 921 2568 periculose
930 2509 993 2566 jessit
1002 2521 1088 2565 snm,
1101 2508 1191 2555 subse·

90 2583 616 2643 NotisFurnnnroshmnnnnnoesr,quiad
664 2585 863 2643 mrimteaanper
873 2585 1023 2645 ἐρωτάτω.

89 2660 363 2716 Ammianum,xxsn1.
373 2659 396 2704 1.
411 2657 483 2705 simui
493 2657 617 2703 cumlocis
708 2658 715 2692 ¹
730 2659 887 2720 Aequstims]
911 2660 1022 2721 Epistola
1040 2672 1113 2708 ossx.
1136 2672 1191 2721 quea

90 2733 223 2795 Capitolini
249 2737 275 2780 et
294 2732 409 2779 Isocratis
430 2731 483 2778 heic
503 2731 616 2786 laudatis,
664 2734 1189 2794 citaturc.circumcellionss‚acaunum.

91 2807 473 2870 tamquamcxlsaeoadditvsrba
481 2806 617 2866 monentia:
664 2813 782 2869 quaestu.
812 2809 882 2867 Vide,
897 2810 1016 2871 siplaeet,
1030 2811 1192 2872 adAugush'·

90 2883 212 2943 Xpsiretr
223 2882 310 2940 νόμους
319 2880 486 2940 μδντίθεσθαι
496 2882 618 2941 σφοδρῶν,
664 2896 722 2928 num
738 2883 841 2929 eundem
857 2883 985 2943 epistolam
1002 2885 1146 2943 Macedonii,
1167 2890 1192 2932 et

89 2958 236 3018 πραοτέρους
252 2958 278 3004 ei
298 2956 421 3016 κολαζειν,
440 2955 456 3012 ἢ
476 2956 508 3003 eir
528 2957 618 3004 ἐκεῖνοι
665 2970 718 3003 eam
729 2970 777 3016 qua
786 2958 916 3017 respondet
926 2960 1078 3019 Augustinus
1088 2960 1192 3006 nummis

90 3032 228 3080 aeilricum.
252 3030 312 3078 Post
322 3031 425 3092 primam
436 3031 572 3077 Editionem
582 3031 618 3076 le·
665 3034 820 3076 nunnus.
849 3030 922 3077 Adde
936 3031 967 3077 de
977 3031 1113 3078 Theodosio
1125 3033 1193 3091 juni·

90 3121 145 3154 cum
153 3107 231 3167 reperi
240 3107 305 3167 apud
313 3107 453 3162 sneunurs,
462 3107 537 3152 serm.
545 3119 617 3154 xnus.
665 3118 707 3150 ors
717 3117 771 3162 quas
781 3103 871 3150 suntin
882 3105 1001 3164 excerptis
1010 3104 1129 3151 iohannis
1138 3105 1193 3152 An-

89 3197 134 3231 seu
143 3183 172 3230 de
181 3183 271 3244 Reque,
281 3196 340 3243 pag.
347 3183 399 3229 327.
429 3181 458 3229 J.
467 3181 500 3228 B.
665 3178 771 3224 tiocheni
781 3192 811 3225 ex
822 3179 985 3238 manuscripto
996 3179 1115 3236 Peirescii,
1124 3179 1192 3240 (pag.

136 3256 149 3291 ἱ
163 3257 251 3304 Poenes
261 3257 326 3317 enipi
334 3256 423 3316 legibus
433 3253 548 3315 mitiores]
565 3255 618 3301 Hoc
664 3253 728 3305 860.)
739 3253 894 3299 Macedouius
903 3253 937 3298 ad
946 3252 1124 3313 Augustiuum:
1139 3256 1193 3318 ⁰ffl·

91 3331 137 3378 emi
152 3332 249 3380 velabat
264 3331 384 3378 Moericus
400 3331 537 3390 Imperator
555 3343 618 3390 sym
665 3329 728 3375 dum
737 3327 868 3374 cammite
878 3331 919 3385 est,
931 3327 1070 3375 intmcnire
1079 3343 1127 3389 pro
1137 3330 1192 3378 reis.

91 3563 115 3618 is
129 3567 204 3617 most
214 3561 378 3617 considered
392 3562 422 3616 in
433 3561 483 3619 the
497 3561 612 3633 general
626 3576 706 3626 caee;
722 3559 776 3616 but
790 3559 839 3616 the
850 3559 924 3614 fault
934 3560 957 3616 is
971 3566 1084 3632 greater
1095 3578 1128 3617 or
1138 3562 1192 3619 less

91 3648 121 3703 iu
133 3647 288 3703 individual
303 3664 388 3703 auses.

145 3733 285 3789 XXXVI.
325 3738 339 3786 l
369 3733 456 3787 What
476 3749 519 3788 we
540 3732 700 3796 heresuid,
721 3732 785 3787 that
807 3731 887 3786 when
908 3737 989 3803 great
1011 3732 1068 3787 and
1090 3739 1194 3806 urgent

91 3836 189 3875 causes
204 3835 291 3884 cease,
303 3835 343 3874 we
358 3818 459 3874 should
469 3818 505 3874 be
520 3824 634 3891 prompt
648 3817 744 3873 rather
754 3823 785 3872 to
799 3817 930 3872 dimiuish
943 3819 992 3873 the
1003 3819 1194 3890 punishment,

91 3907 115 3960 is
133 3905 183 3961 the
197 3905 334 3960 directiou
347 3905 376 3959 in
395 3904 486 3959 which
507 3904 557 3960 the
577 3903 659 3959 other
676 3909 741 3976 part
756 3903 790 3959 of
805 3904 948 3976 clemeucy
966 3905 991 3958 is
1011 3906 1123 3960 seated:
1142 3905 1193 3960 the

91 3990 198 4047 former
212 3997 276 4063 part
286 3991 438 4062 consisting
449 3991 479 4043 in
488 3990 586 4062 taking
597 4006 675 4061 away
686 3989 735 4044 the
746 3989 927 4061 punishment
940 3989 1106 4062 altogether.
1153 3990 1192 4044 So

93 4076 202 4131 Seneca
221 4075 322 4148 speaks
341 4077 376 4130 of
392 4076 538 4146 temperinp
551 4075 732 4148 punishment
746 4075 827 4129 when
841 4091 883 4129 we
896 4082 1000 4130 cannot
1013 4075 1122 4147 pardem
1130 4093 1139 4139 ;
1160 4091 1193 4130 se

90 4161 233 4219 Diodorus
260 4161 379 4224 Siculus,
402 4161 585 4231 Capitolinus,
608 4160 767 4231 describing
785 4161 825 4215 M.
851 4160 1018 4225 Antoninus,
1047 4161 1193 4224 Isocrates,

90 4247 178 4319 spesi(
198 4247 232 4302 ei
243 4246 425 4319 punishment
436 4245 526 4299 belew
540 4246 590 4302 the
604 4247 795 4318 requirement
809 4245 842 4300 of
853 4245 902 4301 the
916 4246 990 4300 laus.

146 4339 163 4386 2
185 4333 341 4404 Augustino
364 4329 542 4388 admouishes
561 4332 654 4388 count
668 4331 849 4387 Marcellinus
872 4329 905 4386 of
927 4329 971 4386 his
994 4329 1072 4403 duty,
1091 4329 1193 4403 urging

90 4416 244 4491 clemency.

1190 4606 1248 4642 A
