2834 4920
249 243 312 306 244
693 253 745 307 DE
767 253 906 310 POENIS.
1221 247 1294 322 [Lis.
1308 251 1348 306 ll.

252 429 356 487 turam
373 420 512 487 accedit:
535 417 607 507 quia
623 418 701 487 sicut
718 420 772 507 qui
789 419 905 498 vendit,
921 418 1041 486 etiamsi
1057 417 1133 485 nihil
1149 416 1353 505 peculiariter

251 520 344 599 dicat,
362 519 513 608 obligasse
530 542 564 586 se
587 529 729 586 censetur
748 521 790 586 ad
807 542 844 585 ea
865 519 967 585 omnia
984 540 1053 605 quae
1070 516 1254 584 venditionis
1277 524 1351 583 sunt

252 618 415 695 naturalia,
439 619 484 684 ita
508 618 561 706 qui
583 618 713 705 deliquit
737 640 793 685 sua
810 618 969 685 voluntate
993 639 1027 683 se
1052 617 1174 684 ridetur
1196 615 1352 704 obligasse

251 740 360 804 prena,
387 717 459 804 quia
476 718 593 784 crimen
617 739 714 805 grave
731 739 792 783 non
808 726 911 804 potest
926 738 989 782 non
1006 738 1073 782 esse
1089 714 1235 803 punibile,
1252 714 1299 781 ita
1314 723 1351 780 ut

252 817 304 903 qui
320 817 437 883 directe
454 817 521 882 vult
536 837 675 903 peccare,
701 838 759 904 per
771 815 1020 902 consequentiam
1042 823 1075 880 et
1091 836 1213 902 poenam
1236 813 1351 879 mereri

85 933 234 1027 dmi,
252 913 404 981 voluerit:
427 937 488 1002 quo
510 937 601 981 sensu
623 916 832 1002 Imperatores
855 915 976 980 cuidam
997 913 1095 993 aiunt,
1113 917 1199 1001 ‘epse
1218 925 1248 979 te
1271 914 1351 977 huic

82 1025 191 1109 qum
199 1071 228 1108 a,
248 1036 352 1098 poence
385 1015 573 1091 subdidisti,
603 1022 636 1080 et
661 1013 715 1099 qui
743 1014 925 1080 sceleratum
954 1012 1081 1098 capiunt
1108 1011 1264 1078 consilium
1295 1032 1352 1075 sua

86 1116 155 1156 Μ
163 1116 215 1164 ¹¹⁴¹t
253 1120 357 1176 mente
376 1110 457 1197 ²jam
473 1120 540 1177 tum
561 1110 671 1198 puniti,
696 1111 803 1189 idest,
828 1134 885 1177 sua
902 1112 1062 1177 voluntate
1084 1132 1186 1197 poenae
1207 1108 1353 1177 meritum

87 1231 228 1272 mmm
252 1210 442 1276 contraxisse
459 1209 622 1276 dicuntur:
647 1217 681 1277 et
696 1209 804 1276 Tacito
826 1209 937 1275 mulier
953 1231 1023 1295 quae
1038 1231 1072 1275 se
1092 1232 1182 1276 servo
1205 1208 1354 1295 conjunx·

251 1308 327 1374 isset
350 1308 384 1374 in
403 1307 583 1375 servitutem
605 1307 652 1375 sui
673 1307 878 1375 ³conseusisse
899 1308 1023 1387 dicitur,
1046 1307 1120 1394 quia
1141 1307 1174 1373 id
1194 1329 1295 1393 pocaae
1318 1306 1354 1371 ia

252 1407 331 1473 tales
348 1416 418 1473 erat
434 1407 643 1474 constitutum.

325 1509 347 1570 4
377 1505 513 1571 Michael
525 1506 678 1592 Ephesius
689 1506 730 1572 ad
743 1506 885 1593 quintum
899 1509 1187 1574 Iticornccbiorum
1200 1505 1353 1572 Aristote-

251 1604 308 1671 lis:
332 1599 460 1695 γέγονε
477 1602 606 1689 τρόπον
626 1601 700 1672 acroi
721 1598 807 1679 diosc
829 1611 882 1674 scol
903 1609 1020 1699 λῆψις,
1038 1603 1059 1674 ὅ
1076 1602 1152 1674 ἐστι
1173 1604 1216 1675 ud
1233 1613 1354 1675 συναλ-

251 1699 400 1772 λάσσειν·
426 1699 544 1787 λαβών
569 1701 640 1795 ’γὰρ
664 1700 822 1796 χρήματα
844 1701 863 1786 ἢ
888 1699 977 1773 ἄλλο
996 1734 1031 1772 τι
1056 1700 1197 1794 κλέψας,
1221 1697 1352 1772 δέδωκεν

252 1799 323 1869 ἀντ’
340 1799 465 1869 ἐκείνων
482 1796 620 1873 εὐθύνας·
647 1814 693 1867 est
714 1804 768 1867 tic
788 1805 1021 1888 quodammodo
1043 1805 1136 1869 datio
1153 1816 1183 1870 et
1198 1807 1353 1888 acceptio,

251 1903 289 1965 ia
309 1902 425 1985 quibus
449 1902 595 1967 consistit
620 1911 744 1965 namra
765 1913 1011 1967 contractuum:
1033 1924 1113 1967 uam
1136 1904 1198 1989 qui
1222 1925 1274 1968 res
1293 1913 1354 1967 out

250 2075 381 2122 obcludat.
410 2075 521 2122 Dicimus
541 2079 618 2122 Mem
637 2080 659 2122 et
674 2073 713 2121 luo
726 2089 778 2135 ρα-
828 2081 898 2124 terra
919 2081 993 2134 motu,
1014 2092 1068 2138 quse
1088 2081 1206 2125 esttomo
1223 2079 1353 2139 v.(1mmo

250 2163 322 2195 aum:
339 2149 381 2194 ssd
388 2149 471 2195 melias
480 2149 562 2195 estiis
569 2154 707 2208 meamea:
724 2163 779 2194 aura
829 2154 898 2200 Tem.
905 2166 940 2202 v1.
949 2167 1005 2213 pag.
1013 2153 1139 2201 struat.
1149 2153 1235 2212 Secta)
1243 2155 1273 2200 de
1281 2154 1354 2200 divite

248 2227 371 2284 pecccata
384 2223 485 2270 soluitur
498 2237 585 2282 poeua:
601 2224 644 2283 qui
657 2224 718 2270 enim
729 2224 779 2269 sri-
827 2226 870 2273 illo
880 2241 955 2287 agens
965 2227 1006 2286 qui
1015 2227 1106 2272 Lazaro
1121 2228 1257 2286 opponitur,
1271 2233 1296 2274 et
1311 2243 1354 2275 ex·

250 2298 310 2344 asiai
319 2302 408 2344 terretur·
418 2296 539 2354 obaocius,
545 2312 617 2357 poena
627 2312 678 2344 eum
690 2312 706 2343 a
712 2297 779 2356 pris·
828 2301 920 2361 plicans
929 2314 1012 2347 vocem
1021 2300 1157 2359 ἀπέλαβεν,
1167 2314 1221 2360 quar
1231 2306 1267 2348 est
1276 2302 1301 2347 iu
1311 2302 1354 2348 illo

250 2373 302 2419 tina
327 2373 413 2419 liberat
434 2373 593 2433 obligations:
616 2371 714 2429 Contra,
739 2372 779 2418 luo
828 2374 955 2434 Evangelii
964 2375 1028 2431 loco,
1038 2375 1125 2436 (Luca
1136 2375 1182 2422 xvi.
1200 2376 1242 2434 25)
1259 2377 1354 2436 ixpas-

246 2463 348 2507 poerram,
369 2462 414 2493 nors
426 2448 543 2507 procedit,
560 2448 631 2507 quasi
641 2462 713 2507 prena
730 2447 780 2493 tol·
829 2451 938 2496 στοῦντο
949 2452 1020 2511 αὐτῷ
1027 2451 1155 2510 τιμωρίαι,
1165 2451 1354 2510 ἑχρεωστοῦντο

250 2527 328 2568 vatur.
359 2523 499 2568 Auctoritas
517 2527 593 2567 tumea
612 2521 660 2566 istu
680 2520 778 2578 confarr-
829 2527 897 2585 αὐτῷ
907 2525 1002 2571 ὀδύναι·
1016 2525 1158 2571 debebantur
1168 2526 1216 2584 ipsi
1220 2540 1303 2585 μανι,
1314 2527 1355 2572 de.

251 2596 287 2641 dt'i
303 2596 405 2651 liceum,
422 2609 485 2640 more
502 2609 548 2654 quo
564 2594 623 2640 sodet
635 2594 696 2652 pom'
711 2594 748 2639 ved
763 2608 780 2639 α
828 2600 942 2646 dabantur
952 2600 1000 2659 ἱρή
1009 2600 1109 2646 dolores.
1132 2601 1199 2646 Idem
1211 2614 1241 2648 11,
1254 2600 1283 2647 dg
1296 2601 1353 2647 Poe.

251 2671 354 2729 86914Μῆ
373 2668 438 2728 91(θᾶ
451 2670 574 2728 Pl'oessldlb
594 2669 631 2714 ”tl
655 2683 672 2714 a
687 2683 779 2727 prm·
828 2675 944 2720 nitentia:
961 2673 997 2718 ra*
1013 2673 1183 2733 ἁμαρτήματα
1199 2677 1233 2721 elo
1249 2675 1355 2734 ὀφειλή·

251 2742 315 2788 denti
328 2743 511 2802 quodsequitur.
529 2742 596 2787 Idem
606 2740 696 2786 locutio
707 2755 779 2786 sacrae
827 2766 897 2809 ματα
912 2747 1106 2808 ἀναγράφεται·
1119 2754 1220 2808 peccata
1234 2751 1269 2794 ad
1282 2750 1356 2795 debiti

251 2816 376 2875 scriptura
396 2817 510 2874 frequens
531 2815 628 2860 indicat.
660 2814 730 2871 Nam,
750 2819 779 2861 ut
828 2821 1053 2882 pmusrqseruntur.
1078 2821 1186 2882 [lbierq
1201 2821 1233 2869 ὠς
1248 2823 1356 2881 aspum.

252 2889 416 2935 Tertullianus
435 2890 470 2935 ait
483 2890 512 2936 ds
529 2889 652 2946 Oratione
677 2889 779 2950 (capi)
827 2914 897 2957 ματα
914 2895 958 2943 ito.
974 2896 1043 2943 Tom.
1054 2909 1089 2942 vr.
1105 2910 1162 2956 pag.
1174 2895 1239 2956 m]
1255 2899 1354 2956 Augus-

251 2963 366 3009 Debitum
380 2964 405 3008 ln
416 2963 542 3023 terimur&
554 2963 725 3023 &litllfiuw'ss
738 2968 778 3020 “b
828 2972 893 3017 tinus
905 2984 945 3017 ιιι.
962 2971 991 3017 ds
1005 2971 1079 3017 libero
1093 2972 1216 3017 Arbitrio:
1233 2972 1318 3030 ltaque
1332 2973 1355 3017 si

251 3036 522 3097 paupertatemque
537 3036 657 3092 debeatur,
667 3040 689 3081 es
705 3037 735 3082 ab
751 3051 777 3082 eo
828 3060 873 3091 non
883 3043 1208 3104 reodtsfaamtojuutttam,
1218 3045 1354 3104 recaepe-

250 3111 368 3171 esiqatur.
406 3112 590 3171 Chrysostomus
614 3110 722 3156 orations
748 3110 777 3155 de
827 3120 1046 3168 momerium,-
1058 3119 1116 3180 quta
1126 3121 1150 3165 ει.
1159 3121 1354 3179 utroqueversum

250 3368 313 3423 who
330 3368 471 3440 punisbes‚
491 3369 522 3422 in
544 3368 628 3423 order
645 3375 676 3423 to
693 3368 796 3439 punish
816 3368 930 3438 rightly,
948 3365 1036 3437 ought
1055 3370 1085 3418 to
1104 3362 1175 3416 hare
1196 3378 1213 3414 a
1231 3358 1306 3430 right
1321 3366 1352 3415 to

250 3453 361 3523 punish,
369 3452 459 3505 which
478 3452 554 3521 right
565 3454 651 3506 arises
663 3453 736 3507 from
749 3453 798 3506 the
810 3451 996 3521 delinquency
1007 3449 1040 3503 of
1056 3446 1105 3502 the
1117 3445 1252 3499 offender.
1288 3445 1355 3497 And

250 3538 280 3589 in
289 3534 345 3591 this
356 3541 468 3598 matter,
480 3535 560 3590 there
571 3538 594 3590 is
606 3536 725 3591 another
735 3536 816 3606 thing
826 3535 915 3589 which
927 3530 1099 3605 approaches
1108 3538 1138 3583 to
1150 3529 1198 3582 the
1210 3532 1312 3580 nature
1323 3530 1358 3580 of

251 3627 408 3685 contracte:
427 3620 490 3674 that
502 3637 532 3675 as
544 3620 581 3674 he
595 3620 658 3675 who
673 3622 746 3685 selis,
765 3619 901 3690 although
915 3619 952 3672 he
967 3634 1017 3688 say
1031 3613 1149 3683 nothing
1163 3611 1353 3682 particularly,

251 3708 274 3761 is
289 3705 440 3762 conceired
454 3711 485 3760 to
499 3705 570 3760 have
583 3705 694 3777 obliged
709 3704 825 3760 himself
834 3710 864 3759 to
880 3703 918 3757 all
930 3703 979 3758 the
994 3701 1088 3770 things
1103 3697 1193 3751 which
1208 3713 1256 3750 are
1269 3703 1354 3750 natu·

250 3792 294 3845 rsl
308 3799 339 3845 to
351 3791 468 3860 solling:
486 3808 517 3845 so
531 3789 569 3846 he
580 3791 642 3845 who
654 3790 705 3845 has
721 3790 838 3861 wiliully
850 3788 989 3852 offended,
1006 3801 1095 3840 seems
1110 3789 1142 3837 to
1152 3782 1224 3835 hare
1239 3781 1355 3852 obliged

250 3876 366 3929 himself
375 3880 406 3929 to
417 3876 543 3946 undergo
555 3876 751 3946 punishment:
768 3876 887 3930 because
901 3889 986 3944 grave
998 3871 1084 3924 crime
1096 3874 1200 3923 cannot
1211 3867 1247 3921 be
1259 3867 1355 3922 other·

251 3962 316 4015 wisc
330 3961 399 4015 than
414 3960 595 4030 punishsblc:
620 3978 651 4015 so
671 3961 735 4015 that
751 3960 789 4015 he
810 3959 872 4013 who
891 3957 1011 4027 directly
1027 3955 1097 4008 wiils
1115 3961 1145 4008 to
1161 3952 1263 4015 offend,
1279 3962 1354 4007 must

250 4047 309 4100 also
331 4046 370 4116 by
391 4062 582 4115 consequence
598 4045 671 4100 haro
688 4046 781 4099 willed
796 4052 826 4100 to
840 4045 921 4098 incur
940 4040 1130 4114 punishment.
1168 4038 1232 4092 And
1251 4039 1281 4090 in
1297 4039 1354 4092 this

250 4147 341 4195 sense,
357 4130 407 4185 the
421 4147 565 4201 emperors
581 4147 630 4202 say
650 4137 681 4186 to
696 4131 765 4185 such
779 4147 797 4184 a
816 4145 927 4201 person,
940 4129 999 4181 You
1014 4128 1078 4180 have
1095 4124 1223 4197 subaud
1233 4124 1360 4195 yoursetf

251 4227 277 4271 tc
290 4218 341 4271 tisis
351 4218 543 4287 punishment,-
562 4233 592 4271 as
605 4216 685 4271 those
698 4216 759 4271 who
772 4216 837 4271 sake
850 4214 956 4269 wickcd
968 4212 1095 4268 counsels
1107 4227 1156 4265 are
1167 4208 1228 4264 said
1240 4214 1270 4262 to
1282 4208 1353 4262 have

250 4302 366 4373 already
379 4302 509 4356 incurrcd
524 4301 705 4373 punishment
722 4302 753 4355 in
772 4301 847 4357 their
859 4317 921 4355 own
938 4297 1089 4368 thoughts:
1113 4295 1170 4349 and
1187 4296 1217 4348 in
1233 4292 1354 4355 Tacitus,

251 4405 268 4441 a
287 4404 397 4442 woman
409 4387 471 4441 who
486 4386 541 4440 had
553 4388 652 4457 joined
666 4387 775 4444 herself
787 4394 817 4442 to
829 4403 847 4440 a
861 4385 936 4441 slave
953 4384 976 4438 is
996 4383 1056 4439 said
1068 4387 1099 4436 to
1117 4381 1189 4435 have
1201 4376 1355 4433 consented
