2834 4920
76 256 244 329 cmxx]
519 263 571 317 DE
593 263 732 319 POENIS.
1118 253 1181 317 265

72 426 164 516 juria,
180 425 213 491 in
238 425 277 491 iis
302 424 376 491 loeis
401 434 497 511 atque
519 425 602 492 iuter
619 449 673 492 eas
689 448 837 513 personas
854 450 925 513 quoe
943 427 1036 493 certis
1057 427 1181 514 judiciis

77 549 141 592 nen
157 526 308 592 subeunte
333 547 370 590 ae
386 535 543 612 praterea
558 525 590 590 iu
607 526 791 612 quibusdam
808 528 928 593 casibus
944 528 1090 614 exeeptis.
1129 528 1181 594 Sic
1192 543 1335 585 ”euxine

77 625 286 693 Hebraeorum
312 625 449 690 moribus
474 626 630 691 Hebraeus
650 647 671 691 a
695 627 820 692 Decet
844 626 906 691 Dei
930 627 1001 715 lege
1026 626 1180 704 deficiens,

77 734 133 792 aot
149 724 260 791 ducem
277 745 311 790 se
326 725 367 790 ad
385 724 478 790 salsos
490 725 590 790 cultus
607 726 760 812 praebens,
777 719 877 790 killico
894 748 914 791 a
930 725 1039 812 quovis
1056 726 1181 792 homine

77 827 222 912 ⁶poterat
246 823 389 890 interfici.
424 816 598 889 ¹Judicium
624 824 682 890 zeli
705 824 739 890 id
765 832 878 891 necant
901 824 1042 902 Hebrmi,
1060 826 1181 911 quoda

77 924 200 991 Phinea
225 920 343 1009 ⁷prime
371 923 542 989 exercitum
568 922 665 1001 aiunt,
695 931 729 990 et
754 923 828 990 inde
853 924 966 990 abiisse
995 924 1028 989 iu
1052 946 1179 989 merem.
1193 933 1317 972 Num-¹¹*-

79 1023 132 1089 Sic
153 1021 303 1088 Judaeum
328 1024 481 1109 quendam
511 1023 631 1088 Graecia
658 1044 692 1087 se
716 1022 827 1089 ritibus
852 1023 1041 1110 polluentem
1070 1022 1181 1090 eccidit

78 1120 260 1188 Mathatias.
308 1122 360 1188 Sic
381 1123 514 1188 trecenti
539 1121 591 1186 alii
615 1122 757 1188 Judaeia
779 1122 980 1209 popularibus
1003 1122 1067 1188 suis
1090 1122 1340 1219 occisippueeu-

78 1221 268 1298 referuntur,
286 1221 366 1288 libre
381 1221 435 1308 qui
452 1221 546 1310 vulgo
561 1220 675 1287 dicitur
691 1223 939 1288 Maeeahaeerum
956 1222 1078 1288 tertius.
1112 1221 1180 1288 Nec

78 1320 140 1387 alie
157 1322 287 1388 obtento
309 1321 452 1387 instituta
471 1320 619 1407 lapidatio
637 1319 670 1385 iu
687 1321 892 1407 Stephanum,
910 1329 943 1387 et
959 1320 1129 1408 conjuratio
1146 1321 1180 1386 in
1192 1326 1318 1369 Mill·

80 1419 234 1487 Paulums
260 1421 418 1507 multaque
432 1420 494 1485 alia
510 1419 653 1507 exempla
670 1419 855 1507 ejuscemodi
872 1427 999 1487 exstant
1016 1427 1049 1487 et
1065 1421 1180 1508 mapud
1191 1421 1303 1461 ΜΝ·
1313 1421 1344 1461 ¹³·

79 1519 252 1597 Philonem,
271 1528 303 1586 et
320 1520 404 1607 apud
421 1521 445 1585 J
447 1520 606 1606 oeephum.

156 1620 177 1684 6
212 1620 292 1685 Tum
310 1641 385 1685 rere
401 1620 485 1706 apud
502 1618 615 1684 multos
637 1618 766 1706 populos
781 1625 814 1684 et
831 1617 961 1685 dominis
977 1616 1011 1683 in
1025 1639 1133 1684 serres
1148 1627 1182 1686 et

79 1717 261 1806 parentibus
282 1718 316 1783 iu
340 1718 455 1784 liberos
477 1717 591 1784 mansit
608 1717 660 1804 jus
685 1718 834 1804 puniendi
855 1719 991 1807 plenum,
1021 1718 1116 1784 etiam
1138 1719 1181 1784 ad

79 1828 213 1886 mertem
239 1839 346 1904 usque.
399 1818 450 1884 Sic
482 1817 606 1904 Spartae
635 1817 771 1904 Ephoris
800 1817 886 1884 licuit
912 1817 1011 1883 civem
1039 1817 1181 1885 occidere

79 1926 173 1984 extra
184 1917 343 2005 judicium.
374 1917 419 1983 Et
431 1939 473 1982 ex
490 1916 540 1982 his
554 1916 679 2003 quidem
696 1938 767 2002 quae
784 1916 918 1983 diximus
933 1916 1025 2002 quale
1041 1917 1083 1984 ait
1099 1917 1182 1985 circa

78 2038 189 2105 poenas
201 2017 254 2104 jus
269 2024 402 2094 naturae,
419 2026 453 2083 et
469 2037 629 2103 quousque
644 2017 792 2083 manserit
808 2016 940 2105 intelligi
956 2025 1067 2103 petest

156 2118 199 2183 X.
246 2119 265 2183 1
300 2118 332 2182 N
334 2139 392 2182 unc
423 2115 501 2182 illud
530 2115 697 2183 videndum
727 2124 784 2194 est,
816 2138 890 2182 uum
919 2117 971 2182 lex
1000 2117 1182 2206 evangelica

78 2292 250 2341 Decibaimum
261 2294 430 2354 Interpretam,
447 2306 519 2353 quem
534 2291 606 2338 mede
655 2292 808 2351 δραμοῦνται
827 2292 968 2351 τιμωρίαις,
993 2293 1121 2350 κρίνοντος
1140 2292 1181 2338 eri·

77 2368 184 2426 laudari,
198 2370 223 2414 in
242 2370 315 2416 Num.
331 2384 387 2415 xxv.
404 2371 426 2416 7.
448 2372 474 2414 et
494 2368 607 2415 Celehcr·
656 2367 716 2425 αγὲι
733 2366 766 2411 τὸ
781 2365 838 2412 κατ’
855 2367 931 2412 αὐτοῦ
946 2369 1035 2428 φονᾷν·
1047 2369 1181 2427 puniendus

78 2444 134 2491 rimi
143 2444 170 2492 J.
180 2444 228 2491 Fa.
237 2445 342 2491 Buonar
356 2443 555 2491 Dissertationum
566 2443 607 2488 Dc
654 2441 712 2486 tulis
726 2445 752 2486 ut
766 2441 840 2486 Ῑιοιίίο
852 2441 961 2500 publicus
978 2442 1085 2499 omniura,
1099 2449 1182 2502 spreta

77 2518 142 2566 Jurc
151 2518 322 2566 Zelotarunia
333 2518 527 2574 Gentelletrua,
542 2517 606 2576 5³1.
654 2515 811 2574 qualicunque
827 2529 879 2561 curn
891 2529 918 2561 eo
932 2516 1105 2573 meeredudine,
1119 2517 1181 2574 <ius-

78 2600 102 2643 α
110 2608 175 2655 seqq.
205 2595 233 2642 J.
242 2595 275 2641 B.
654 2604 699 2649 que
712 2591 834 2636 suasiones
847 2590 970 2651 culpandus
985 2591 1090 2637 omnibus
1100 2593 1181 2651 pieta·

123 2677 142 2703 ¹⁵
164 2669 239 2730 Apud
257 2667 392 2728 Philonem]
418 2668 495 2728 Culus
515 2670 540 2713 et
560 2667 606 2712 hoo
654 2669 699 2711 tem
712 2665 852 2723 ementitae,
867 2671 894 2712 ut
908 2667 958 2713 riae
972 2680 1040 2713 onera
1053 2672 1182 2714 ucwrrant

77 2744 103 2790 lu
116 2743 180 2790 libro
194 2743 223 2790 de
236 2743 448 2803 Sacrificantitus:
464 2741 606 2788 κολαστέον
654 2740 756 2799 undiquc
773 2740 808 2786 ud
821 2741 972 2801 expetendum
992 2741 1021 2786 de
1040 2741 1092 2787 ciro
1108 2741 1181 2801 impio

76 2816 111 2865 de
119 2818 206 2878 δήμιον
215 2818 256 2864 καὶ
266 2820 349 2865 κοινὸν
360 2818 450 2879 ἐχθρὸν
464 2818 534 2874 ὄντα,
550 2816 605 2862 tlt·
654 2816 880 2876 suppliciumfirmc
890 2817 1007 2865 credatu
1016 2823 1123 2865 emotum
1132 2832 1182 2865 ecco

77 2905 115 2950 γα
127 2890 317 2949 φροντίσαντας
327 2890 491 2943 οἰκειότητος,
506 2887 547 2934 nul
558 2886 606 2934 ‘triu
654 2904 703 2936 rem
711 2891 825 2948 qiusmede'
834 2893 934 2938 hominis
944 2893 1099 2953 interficiundi
1108 2908 1181 2953 appe·

76 2965 239 3025 παραιοίσειι
255 2966 333 3012 αὑτοῦ
353 2962 523 3024 διαγγελτέον
538 2966 605 3010 πᾶσι
654 2965 728 3012 titum.
759 2966 832 3026 (Peg⁴
847 2970 892 3014 855
908 2968 947 3027 n.)
983 2969 1016 3014 Et
1034 2970 1097 3015 alter
1112 2969 1181 3014 locut

78 3044 135 3086 τοῖς
146 3041 274 3098 εὐσεβείας
287 3040 417 3099 ἐρασταῖς,
432 3040 456 3084 οἳ
470 3038 605 3096 α’νυπερθέ.
654 3053 702 3086 nou
718 3040 796 3085 minus
809 3041 909 3101 insignis
925 3043 988 3088 circu
1000 3043 1072 3088 tinem
1087 3044 1117 3088 de
1130 3056 1180 3087 mo·

78 3132 117 3177 τῳ
127 3114 204 3174 τάχει
213 3119 272 3162 ταῖς
279 3114 336 3161 κατ’
345 3114 432 3174 ἀνδρὸς
439 3113 539 3160 ἀνοσίου
549 3113 604 3159 ἐπι·
654 3114 753 3161 marchia
763 3114 830 3174 (Lib.
840 3128 858 3163 1.
875 3129 932 3175 pag.
943 3118 995 3173 818,
1005 3116 1073 3176 819.)

80 3367 174 3424 cellit
193 3384 211 3422 a
221 3367 372 3439 judgmeut
389 3366 422 3422 ei
433 3366 501 3432 real,
521 3367 554 3422 ef
571 3366 661 3422 which
683 3365 752 3438 they
770 3383 819 3439 say
839 3366 961 3422 Phineas
980 3373 1024 3423 set
1046 3367 1095 3424 the
1117 3369 1180 3425 first

81 3454 218 3525 example.
241 3452 359 3519 (Numb.
373 3450 451 3520 xxv.)
483 3454 522 3508 Se
537 3455 566 3507 in
582 3453 631 3509 the
646 3454 818 3517 Maccabeos,
830 3453 994 3509 Mattathias
1006 3454 1072 3509 slew
1086 3473 1104 3510 a
1117 3457 1179 3511 Jew

80 3541 221 3613 polluting
232 3539 348 3594 himself
362 3539 429 3594 with
448 3539 543 3594 Greek
560 3541 646 3605 ritea3
670 3540 726 3594 and
750 3556 781 3595 so
799 3541 830 3594 in
848 3545 865 3595 3
880 3540 1004 3596 hlaccub.
1030 3547 1082 3596 300
1104 3542 1179 3597 Jews

80 3643 155 3682 were
180 3626 268 3681 killed
289 3626 328 3697 by
350 3625 425 3680 their
446 3633 638 3697 countrymen.
698 3626 763 3680 And
785 3625 834 3681 the
855 3627 968 3698 ateniug
989 3625 1023 3681 ef
1044 3627 1181 3699 Stephon,

80 3713 137 3768 and
158 3711 207 3767 the
231 3713 395 3784 conspiracy
415 3712 525 3782 against
542 3712 622 3774 Paul,
640 3727 712 3766 were
729 3729 766 3766 on
781 3711 830 3767 the
843 3728 920 3767 same
934 3718 1055 3784 proteat,
1070 3729 1101 3767 as
1116 3713 1180 3769 well
1229 3720 1231 3725 '

79 3814 112 3855 aa
124 3815 209 3870 many
220 3798 303 3853 other
317 3798 458 3868 examplea
472 3799 502 3850 in
514 3797 597 3852 Philo
612 3797 669 3852 aud
680 3798 709 3851 in
722 3797 870 3869 Jesephus.

134 3890 152 3939 6
171 3884 210 3939 Se
221 3885 281 3939 also
293 3901 396 3955 among
411 3900 496 3954 many
506 3884 630 3954 peoples,
645 3890 762 3938 masters
774 3883 902 3938 retained
915 3882 964 3938 the
976 3884 1052 3956 right
1064 3884 1098 3940 of
1106 3901 1181 3957 pun-

79 3969 173 4042 iahing
184 3969 260 4026 their
277 3977 412 4033 servants,
429 3969 484 4023 and
500 3975 614 4040 parents
635 3968 710 4024 their
723 3969 859 4035 children,
877 3985 947 4024 even
962 3976 992 4025 te
1010 3970 1105 4026 death.
1143 3971 1182 4025 Se
1295 4036 1303 4051 ·

79 4062 111 4112 at
123 4057 235 4128 Sparta,
246 4056 295 4112 the
309 4055 416 4127 Ephori
431 4055 515 4109 could
529 4062 581 4126 put
595 4072 613 4109 a
625 4055 724 4109 citizen
737 4060 768 4109 te
783 4055 870 4109 denth
884 4055 1003 4111 without
1017 4057 1091 4112 trial.

135 4144 222 4198 From
236 4142 311 4198 what
325 4158 366 4196 we
380 4141 452 4196 have
466 4141 535 4202 auid,
548 4159 589 4196 we
607 4158 673 4211 may
686 4156 734 4195 see
749 4139 825 4195 whnt
838 4141 861 4195 is
875 4140 923 4196 the
937 4142 1004 4195 Lau
1019 4141 1053 4196 ef
1070 4141 1181 4196 Nature

79 4228 148 4285 nith
162 4230 263 4301 regard
278 4236 308 4284 te
322 4228 512 4300 punishment,
526 4228 582 4281 and
597 4226 658 4282 how
672 4226 718 4281 fur
728 4228 751 4281 it
766 4226 927 4282 continued.

133 4316 172 4371 X.
212 4322 226 4370 1
258 4315 311 4370 We
320 4320 396 4369 must
407 4330 469 4368 now
481 4313 610 4369 consider
620 4313 746 4368 whether
757 4312 806 4366 the
819 4312 924 4384 Gospel
935 4308 1061 4367 aarum
1069 4309 1181 4365 limited

79 4400 136 4459 this
150 4402 255 4476 liberty
270 4417 349 4457 more
364 4400 509 4473 narrewly.
549 4398 701 4470 Certainly,
715 4414 746 4453 as
760 4388 1237 4638 'ow
