2834 4920
80 271 150 328 oss.
164 266 247 341 xxi
523 271 575 324 ns
598 271 734 325 sosius
1120 264 1181 330 271

79 435 279 502 referendum
296 435 411 499 malum
437 432 469 503 si
494 464 534 503 ‘re
560 427 609 504 lsi
631 433 711 519 ἡμᾶς
737 430 839 504 τῶνδε
864 435 1091 531 χαλεπώτερα
1115 436 1181 509 orci-

79 564 184 630 σχειν,
200 536 333 601 etiamsi
348 538 432 618 quid
445 539 584 620 gravius
601 539 799 622 potiendum
814 539 907 603 notis
929 540 1108 616 immincat,
1127 541 1180 627 qui

78 656 186 700 sensus
201 643 234 699 et
250 634 336 721 apud
357 634 529 700 Maximum
553 635 685 723 Tyrium
706 645 818 701 exstat
863 633 1017 729 Ὕβρεως
1033 631 1128 720 δίκην,
1145 639 1179 705 id

78 742 137 811 est,
170 733 326 800 actionm
357 733 397 798 ob
431 743 590 821 acceptam
627 735 844 801 contumeliam
875 736 1010 823 aliquam
1042 738 1178 823 (qualem

79 832 226 900 Christus
241 831 343 920 alapae
357 832 480 899 nomine
494 833 622 918 indicat)
636 834 773 922 negabat
794 835 956 901 Musonius
971 842 1027 902 ant
1043 858 1077 902 se
1092 837 1179 903 insti·

77 940 231 1010 tuturum,
259 939 316 998 aut
344 931 486 1018 cuiquam
511 942 546 998 ut
571 932 750 1000 institueret
776 943 938 1001 auctorem
966 934 1054 1001 iore:
1079 936 1178 1003 multo

77 1030 161 1099 enim
177 1030 294 1097 restim
309 1031 477 1097 condonari
493 1031 577 1098 talia

154 1129 176 1200 7
211 1131 304 1208 Quod
327 1130 355 1196 si
378 1129 578 1197 dissimulatio
594 1153 742 1221 magnum
766 1154 870 1199 secum
894 1133 1066 1221 periculum
1084 1135 1177 1215 ierat,

77 1252 117 1296 ca
131 1229 277 1296 cautione
293 1229 507 1296 contentiosae
519 1230 677 1308 debemus,
690 1254 760 1319 quae
775 1254 868 1319 quam
884 1233 1043 1299 minimum
1056 1245 1176 1300 noceat

80 1329 162 1394 Nam
179 1350 219 1394 ne
236 1330 320 1415 apud
338 1329 493 1396 Hebraeos
509 1329 634 1416 quidem
651 1329 683 1394 in
699 1353 757 1397 usn
775 1342 844 1398 crat
864 1332 949 1412 talio,
967 1343 1003 1398 nt
1019 1333 1043 1396 J
1045 1334 1178 1420 caephae
1190 1350 1322 1446 garg-'ff

79 1438 113 1495 et
127 1427 182 1493 alii
199 1427 409 1494 Hebraeorum
427 1429 568 1494 doctores
589 1437 708 1505 neunt,
725 1431 780 1496 sed
797 1431 917 1497 solebat
931 1432 985 1518 qui
1000 1432 1093 1498 laesus
1108 1443 1179 1499 erat
1212 1425 1217 1435 ’

78 1527 164 1594 ultra
180 1526 338 1615 impendia
353 1549 374 1593 a
391 1549 424 1593 se
446 1528 538 1605 iacta,
558 1529 598 1594 dc
615 1529 726 1614 quibus
742 1530 870 1595 seorsim
887 1531 939 1595 lcx
956 1540 1059 1597 exstat
1076 1532 1176 1597 Exod.

79 1626 145 1692 xxi.
164 1629 219 1702 19,
241 1628 337 1711 (⁵haec
364 1627 446 1693 enim
473 1636 522 1693 est
546 1627 648 1715 simpli
672 1628 829 1694 restitutio
853 1629 931 1695 nihil
957 1631 1080 1716 poenale
1106 1653 1177 1697 cou-

79 1725 195 1810 tinens)
221 1747 280 1813 pro
301 1726 416 1793 talione
433 1722 657 1815 tpecuniariam
681 1727 828 1793 mulctam
850 1728 1011 1816 accipere:
1037 1729 1120 1817 quod
1146 1740 1179 1797 et

79 1825 190 1890 Romae
206 1825 322 1892 iactum
345 1827 435 1893 docet
458 1827 543 1914 apud
565 1826 699 1893 Gellium
717 1827 901 1894 Favorinus.
953 1829 1005 1894 Sic
1020 1829 1179 1917 Josephns
1190 1850 1310 1891 naar.

79 1923 195 1991 domini
210 1925 310 1991 nostri
325 1926 403 1991 Jesu
420 1926 578 2003 educator,
597 1949 667 1992 cum
683 1949 813 1993 uxorem
830 1949 917 1993 suam
932 1927 1078 1994 adulterii
1095 1951 1177 1994 com-

78 2032 201 2110 pertam
226 2023 378 2102 crederet,
395 2025 550 2090 ¹²divortio
574 2047 608 2091 se
634 2026 769 2092 liberare
794 2027 912 2108 maluit,
928 2049 1022 2114 qnam
1039 2027 1178 2094 commit·
1191 2043 1325 2085 totana

79 2129 148 2189 tere
164 2131 202 2188 ut
217 2123 456 2191 traduceretur:
478 2133 574 2210 atque
589 2124 622 2191 id
638 2124 747 2191 iecisse
763 2125 877 2192 dicitur
894 2126 968 2214 quia
979 2127 1082 2214 justus
1098 2135 1177 2205 erat,

79 2219 113 2287 id
128 2230 187 2298 est,
204 2220 255 2289 vir
271 2223 386 2310 probus
407 2245 444 2289 ae
464 2223 583 2291 iaoiliss
608 2224 649 2290 ad
672 2247 763 2311 quem
784 2225 885 2290 locum
901 2226 1106 2292 ⁸Ambrosius
1121 2225 1177 2304 ait,

78 2340 141 2384 non
156 2328 278 2387 tantm
303 2323 345 2388 ab
367 2322 491 2388 ultionis
514 2322 688 2401 atrocitate,
710 2323 766 2388 sed
791 2323 885 2388 etiam
901 2325 961 2388 lab
978 2325 1180 2390 accusationis

79 2418 247 2486 severitate
262 2419 395 2487 alienam
411 2443 479 2488 csse
499 2420 577 2507 justi
598 2442 782 2508 personam
808 2420 887 2487 sicut
904 2431 936 2488 et
953 2430 1026 2487 anto
1045 2423 1179 2487 Lactan-

79 2516 141 2585 tina
166 2517 302 2598 dixerat,
328 2543 431 2608 neque
457 2542 613 2587 comeare
647 2542 841 2607 quemquam
871 2522 1009 2586 σνιίιιίιιο
1036 2521 1345 2630 οορᾰιαῑίζοιιιοοηι.

79 2692 191 2753 miluus
200 2692 263 2740 llhro
273 2706 303 2739 11.
319 2693 348 2741 dc
357 2692 506 2741 Adulterinic
517 2691 605 2750 Cottia·
700 2700 714 2728 ¹
730 2692 769 2740 At
785 2692 943 2740 marbais
958 2690 1092 2752 maimo]
1118 2692 1182 2740 Vide

80 2768 141 2828 giis.-
157 2770 181 2815 ιι·
189 2774 268 2816 auten
277 2768 354 2830 (quod
362 2770 441 2815 ocriae
449 2767 551 2827 dicim)
560 2782 607 2814 non
656 2768 814 2816 Blncmarnm
831 2769 861 2815 de
872 2769 983 2815 Dlrortlo
997 2769 1029 2815 ad
1044 2769 1181 2829 interroga-

80 2842 135 2890 licct
148 2843 238 2889 henim
250 2841 388 2891 Christim
402 2843 536 2889 muman
550 2856 606 2888 ccu-
655 2845 747 2891 tiouem
768 2858 795 2891 v.
816 2845 841 2890 ln
861 2845 916 2891 line.
935 2859 956 2891 c.
975 2845 1057 2891 laicos.
1076 2858 1143 2892 cans.
1158 2848 1182 2892 2.

73 2917 156 2980 jugem
173 2919 289 2974 occidm,
310 2919 353 2966 scd
371 2925 462 2966 tautum
481 2919 605 2966 dimittere.
656 2924 742 2978 quast.
758 2920 781 2967 7.
801 2923 828 2964 et
843 2919 877 2964 ibi
894 2919 1100 2964 Pancrrnitsnnm.
1117 2919 1183 2966 Gall.

81 2994 153 3055 (Gap.
163 2995 212 3054 15.)
656 2992 685 3038 dc
695 2992 761 3038 Pace
771 2992 875 3037 Publica
885 3005 941 3038 riu.
952 2995 976 3038 3.
1007 2993 1079 3038 Adde
1097 3007 1118 3037 o.
1132 2993 1182 3038 Ac-

124 3066 229 3114 ⁸Loous
239 3068 404 3115 estinPsalm.
411 3067 605 3114 exviitSsnnJ.
656 3066 751 3122 cnsasti,
773 3065 802 3110 dc
822 3064 1019 3119 amasionibus,
1043 3065 1079 3110 ita
1098 3070 1126 3111 nt
1144 3071 1183 3112 est

80 3155 163 3204 upa.
173 3144 263 3204 paltss
272 3156 299 3189 n.
307 3142 357 3191 Ed.
364 3143 450 3190 Parit.
460 3142 527 3192 1669.
541 3142 603 3189 m.
654 3140 721 3200 apud
730 3139 887 3186 Brocardnm.

80 3388 146 3448 this.
190 3390 236 3446 An
251 3389 354 3446 Aenon
374 3390 420 3447 lor
442 3391 604 3463 coutumely
619 3387 701 3457 (such
723 3406 754 3445 as
769 3389 863 3444 (lhdst
880 3387 1016 3442 indicates
1033 3387 1064 3440 in
1080 3386 1182 3459 speak-

80 3476 129 3547 ing
150 3474 184 3532 ci
199 3493 254 3533 one
271 3477 391 3549 striking
408 3494 442 3532 us
460 3493 498 3531 on
515 3476 565 3531 the
583 3473 694 3543 cheul),
711 3475 858 3530 Musonius
879 3474 940 3529 said
957 3472 994 3527 he
1011 3473 1104 3527 would
1122 3474 1181 3528 nei-

80 3561 145 3618 ther
158 3568 290 3633 prcmote
304 3579 357 3617 nor
370 3562 523 3626 euthorico,
545 3562 568 3617 it
591 3562 677 3632 being
696 3561 791 3617 better
807 3560 871 3616 that
889 3558 959 3615 such
972 3559 1066 3630 things
1080 3558 1182 3614 should

80 3645 117 3703 be
130 3647 287 3719 pardoncd

133 3736 151 3791 7
179 3734 239 3788 But
250 3733 276 3787 if
287 3732 356 3789 such
370 3732 554 3788 forbearance
568 3733 652 3803 bring
666 3739 746 3804 great
761 3731 842 3804 peril,
855 3748 897 3787 ve
911 3748 961 3786 are
974 3736 1006 3786 to
1016 3730 1054 3786 be
1066 3735 1183 3785 content

80 3816 148 3872 with
162 3818 233 3873 such
246 3821 413 3890 precention
426 3835 458 3873 as
471 3818 544 3873 shall
558 3819 596 3874 do
610 3818 660 3873 the
675 3820 747 3872 least
761 3817 842 3871 harm
861 3823 891 3872 to
906 3817 956 3873 the
971 3816 1107 3871 offender.
1144 3816 1183 3871 So

81 3918 185 3974 among
208 3902 261 3959 the
283 3905 366 3969 Jews,
388 3903 437 3959 thc
460 3920 563 3975 person
584 3903 715 3959 offendod
738 3903 873 3974 accepted
896 3920 915 3957 a
935 3902 1088 3974 pecuniary
1109 3901 1182 3964 liner

80 3987 171 4043 which
199 4006 256 4045 was
277 3989 337 4044 also
359 3989 499 4061 practised
521 3995 551 4044 at
572 3991 672 4044 Rome.
719 3989 758 4043 So
787 3988 904 4060 ioseph,
925 3987 976 4043 the
998 3986 1127 4042 husband
1154 3986 1189 4041 oi

80 4071 172 4147 Many,
189 4075 246 4129 aud
264 4074 315 4130 the
332 4074 468 4129 educator
489 4074 524 4128 oi
537 4091 590 4128 our
606 4074 683 4129 Lord
701 4074 793 4139 iesus,
815 4073 896 4128 when
918 4072 955 4128 he
973 4072 1123 4128 conceived
1141 4071 1184 4127 his

81 4159 146 4214 wife
166 4166 198 4215 to
219 4159 257 4215 bc
278 4160 370 4230 guilty
391 4160 424 4225 oi
445 4159 583 4231 ndultcry,
605 4177 660 4214 was
682 4159 798 4213 minded
821 4166 851 4214 to
873 4165 926 4231 put
952 4159 1005 4214 her
1026 4174 1113 4228 away,
1133 4162 1186 4210 not

81 4247 113 4299 to
134 4244 218 4316 bring
230 4244 284 4300 her
302 4245 400 4300 before
419 4244 547 4316 apublic
569 4245 711 4310 tribuns13
730 4244 785 4298 and
807 4244 872 4308 this,
892 4244 1014 4299 became
1033 4242 1071 4296 he
1091 4257 1146 4295 was
1167 4256 1185 4294 a

78 4328 147 4399 just,
168 4331 233 4387 that
253 4331 286 4395 is,
308 4346 326 4384 a
346 4330 477 4385 merciiul
500 4347 574 4385 man.
620 4331 685 4384 And
709 4346 747 4385 on
766 4329 824 4385 this
843 4335 963 4384 account
976 4327 1114 4382 Ambrose
1128 4325 1186 4378 and

82 4413 247 4472 Lactantius
267 4415 359 4488 pralse
379 4415 448 4472 him.
495 4416 534 4471 So
550 4415 653 4482 tostin,
669 4415 702 4471 oi
716 4414 767 4472 the
780 4430 896 4471 accuser
910 4414 943 4469 oi
958 4413 1007 4470 the
1022 4410 1186 4475 christinus,
