2834 4920
136 277 215 332 Car.
230 273 327 343 xus]
510 278 563 332 Du
584 279 874 336 Juuuouumto.
1203 275 1244 338 99

137 450 212 510 tum
225 448 377 530 congruat
393 441 507 520 verbis,
525 444 608 530 quod
625 444 707 510 idem
724 445 861 532 appellat
878 442 1029 539 εὐορκεῖν.
1064 447 1127 526 Qui
1143 448 1175 513 in
1192 448 1245 514 illo

138 551 254 630 peccet
271 535 493 636 ”pachasius
511 543 612 629 quiin
632 545 691 609 boc
706 541 868 638 ἐπιορκεῖν
883 545 983 611 eidem
1002 547 1181 635 Chrysippo
1199 548 1244 613 di-

140 642 226 709 citur
237 642 314 708 satis
327 641 481 720 distinete,
494 664 672 729 quanquam
688 645 834 710 confundi
846 645 1003 711 interdum
1017 648 1085 712 haec
1098 648 1206 715 solent.

217 741 308 809 XIV.
354 744 398 808 Et
418 741 444 806 si
465 742 591 827 quidem
618 743 749 810 materis
770 744 841 810 talia
860 745 911 822 sit,
935 753 969 811 et
985 746 1082 812 verba
1106 747 1151 812 ita
1172 769 1244 811 oon·

142 848 245 928 cepta,
261 851 376 909 utnon
391 841 433 908 ad
449 842 554 908 Deum
569 851 690 907 tantum
707 844 764 909 sed
778 852 812 911 et
825 844 867 909 sd
883 844 1038 910 hominem
1055 846 1242 925 referentur,

138 940 193 1026 jus
209 941 406 1008 hauddubie
428 940 544 1006 homini
560 963 600 1007 ex
616 941 683 1029 ipso
704 942 883 1029 juramento
901 953 1069 1029 quaretur,
1094 954 1243 1030 tanquam

143 1061 185 1105 ex
206 1040 356 1127 promisso
381 1050 438 1107 aut
461 1049 622 1107 contractu
644 1042 697 1127 qui
719 1042 940 1129 simplicissime
965 1043 1097 1133 intelligi
1120 1045 1241 1111 debeat.

145 1139 181 1205 Si
198 1162 273 1206 vero
293 1149 349 1207 sut
364 1140 464 1206 verba
484 1140 639 1206 hominem
656 1163 718 1205 non
739 1141 908 1228 respiciant
919 1141 972 1228 jus
992 1143 1021 1208 ei
1045 1144 1241 1222 conterendo,

143 1246 201 1304 sut
221 1240 388 1327 respiciant
409 1239 544 1327 quidem,
566 1240 621 1306 sed
639 1240 757 1327 aliquid
778 1241 820 1308 sit
842 1242 926 1327 quod
946 1243 975 1307 ei
997 1243 1093 1328 possit
1118 1244 1241 1329 opponi,

143 1340 235 1404 8ιιιιιο
251 1361 290 1405 ea
305 1339 353 1406 vis
369 1340 430 1406 erit
441 1338 654 1425 jurisjurandi,
672 1350 707 1405 ut
726 1341 819 1406 homo
841 1341 964 1427 quidem
981 1342 1034 1407 ille
1049 1342 1101 1427 jus
1123 1343 1241 1408 nullum

144 1448 361 1525 consequatur,
387 1447 422 1506 at
442 1438 642 1505 nihilominus
663 1439 717 1526 qui
735 1439 855 1525 juravit
883 1442 952 1505 Deo
977 1441 1132 1528 obligetur
1157 1452 1242 1508 stare

139 1536 355 1624 jurejurando.
397 1539 503 1626 Hujus
525 1538 572 1604 rei
594 1539 768 1626 exemplum
791 1549 840 1604 est
856 1532 902 1604 ¹in
922 1561 959 1604 eo
980 1539 1033 1624 qui
1050 1561 1108 1625 per
1125 1549 1242 1605 metum

143 1636 291 1723 injustum
308 1659 433 1704 cansam
452 1638 645 1725 promissioni
658 1639 774 1724 juratee
796 1638 890 1704 dedit
940 1640 1021 1703 Nam
1040 1638 1089 1703 hic
1106 1639 1158 1725 jus
1175 1640 1241 1704 nul·

143 1735 209 1800 lum
231 1737 439 1823 consequitur,
463 1747 519 1804 unt
535 1736 599 1802 tale
620 1737 703 1823 quod
722 1737 854 1804 reddere
877 1737 1000 1814 debeat,
1022 1738 1096 1824 quia
1119 1760 1242 1804 causam

143 1835 258 1900 damrm
281 1836 378 1902 dedit.
429 1837 481 1902 Sic
503 1835 644 1903 videmus
666 1836 820 1903 Hebraeos
846 1859 938 1926 reges
964 1846 997 1904 et
1018 1830 1059 1902 la
1080 1838 1242 1925 prophetis
1255 1871 1372 1911 mesu

143 1933 328 2020 increpatos,
353 1943 387 2002 et
407 1936 532 2023 punitos
547 1958 568 2001 a
583 1937 662 2012 Deo,
687 1937 771 2023 qnod
791 1938 884 2002 fidem
903 1937 1042 2023 juratam
1059 1937 1241 2024 Babyloniis
1256 1917 1361 1965 ΨΜ

142 2034 272 2122 regibus
288 2056 350 2100 non
364 2044 551 2105 servassent.
591 2035 716 2101 Laudat
734 2036 843 2101 Cicero
861 2037 1064 2122 Pomponium
1083 2036 1241 2102 tribunum

143 2133 198 2218 qui
219 2135 358 2201 servsvit
379 2135 463 2221 quod
479 2145 601 2202 terrore
624 2142 748 2200 coaetus
763 2134 945 2221 juraverat:
970 2149 1106 2212 tautum,
1131 2135 1239 2222 inquit,
1253 2156 1393 2241 teglae}

144 2235 338 2318 temporibus
357 2235 428 2300 illis
440 2236 676 2319 jusjurandum
696 2236 834 2300 οαίοὸοι.
888 2235 994 2312 Quare
1017 2258 1079 2299 non
1101 2236 1242 2322 Regulus
1256 2248 1383 2298 ouem

142 2340 266 2397 tantum
295 2332 400 2398 redire
425 2333 459 2398 iu
487 2355 654 2412 carcerem,
687 2341 724 2400 ut
751 2333 884 2400 maxime
918 2333 945 2399 is
977 2334 1073 2399 fuerit
1100 2334 1240 2419 injustus,

142 2499 670 2563 sdfimmdumfldcmpmmusorcmudeo.
717 2502 745 2550 J.
753 2503 785 2548 B.

143 2588 191 2634 qus
201 2576 242 2621 ubi
252 2576 368 2637 obligatio
374 2577 440 2624 nulls
446 2583 489 2635 est,
497 2577 589 2623 tataris
595 2577 669 2637 Jnris-
760 2574 767 2607 ¹
783 2577 813 2623 In
826 2589 852 2623 ec
865 2577 907 2637 qui
915 2590 962 2636 per
975 2582 1057 2624 metm
1067 2579 1176 2637 injustum
1186 2596 1242 2628 οοιι.

139 2649 237 2709 jurandi
247 2652 319 2699 esdit.
348 2653 411 2700 Vide
424 2667 478 2713 quse
491 2657 576 2699 οοιιιιο
589 2653 669 2713 dupli·
717 2665 768 2699 sum
774 2652 928 2712 promissioni
933 2652 1025 2709 jurata
1037 2653 1113 2715 dedit]
1128 2656 1242 2702 Etiamsi

143 2728 271 2774 osmrllum
286 2728 464 2789 obligationem,
484 2741 555 2786 qusm
576 2726 670 2773 Auctor
718 2733 837 2774 extortum
844 2728 1021 2788 jusjurandum,
1030 2731 1061 2776 ob
1072 2731 1118 2777 Dei
1132 2746 1242 2778 reveren-

143 2801 188 2848 sibi
207 2802 286 2862 fingit,
300 2810 356 2864 post
371 2804 590 2860 Pursunonrsurs,
606 2802 667 2848 dixi·
717 2803 775 2849 tiam
792 2805 934 2850 servandum
945 2805 1016 2851 docet
1026 2807 1178 2866 Augustinus
1192 2808 1244 2869 cpi-

143 2891 203 2936 mus,
215 2879 359 2940 Cspitsjsm
369 2879 569 2940 ssepiuslandsto.
600 2877 668 2924 Non.
717 2878 785 2923 stolis
795 2891 906 2924 ccxxiv.
920 2884 944 2924 et
955 2892 1052 2926 ccxxv.

143 2953 210 2999 nulls
229 2956 301 3001 stiam
321 2955 365 3001 hso
385 2954 415 3001 de
435 2969 461 3001 rs
486 2954 619 3000 addidimus
642 2954 667 2998 in
762 2951 810 2999 *A
826 2953 951 3011 prophetis
969 2954 1112 3013 increpatos]
1135 2954 1197 3002 Vide
1217 2960 1242 3002 et

143 3027 214 3075 lictis
233 3030 321 3076 nostris
339 3030 437 3077 Gsllicis
451 3031 483 3077 sd
502 3031 565 3075 bunc
580 3029 666 3075 locum.
716 3025 933 3073 Jeremmxixo.

143 3283 211 3356 they
229 3284 305 3339 refer
323 3289 374 3339 ιιοι
387 3290 417 3341 ιο
433 3285 498 3340 uod
513 3286 579 3358 only
593 3285 646 3340 but
662 3289 693 3339 to
713 3300 731 3337 a
748 3299 813 3336 mun
828 3276 1116 3350 also,[asif1swonr
1133 3284 1163 3334 to
1178 3281 1240 3352 give

143 3386 198 3442 you
212 3386 231 3425 s
244 3365 343 3442 thing]
360 3368 436 3437 then,
447 3371 649 3442 undoubtedly,
662 3369 712 3424 the
724 3386 789 3423 man
801 3368 927 3438 acquires
938 3383 956 3420 a
967 3365 1043 3436 right
1054 3365 1092 3438 by
1104 3365 1152 3421 the
1165 3366 1240 3432 outb,

143 3471 173 3510 as
184 3455 258 3510 irom
272 3472 290 3510 s
301 3457 422 3528 promise
437 3474 470 3512 or
481 3462 608 3513 contract
623 3456 732 3527 simply.
760 3455 817 3508 But
832 3452 857 3506 if
865 3451 914 3507 the
926 3452 1016 3506 words
1029 3451 1065 3505 do
1078 3457 1128 3506 not
1140 3453 1240 3523 regurd

143 3558 161 3595 a
171 3557 237 3594 msn
249 3558 279 3596 as
291 3541 450 3614 conferring
462 3560 500 3597 on
510 3542 570 3596 blm
583 3559 600 3596 a
611 3541 694 3612 right,
703 3558 736 3594 or
747 3539 846 3611 regard
858 3539 926 3604 him,
937 3537 989 3592 but
1000 3537 1072 3592 haro
1083 3538 1242 3610 something

142 3626 267 3699 opposed
285 3633 316 3682 ιο
333 3627 428 3693 theme
446 3627 516 3683 then
530 3628 579 3682 the
594 3627 677 3682 effect
695 3627 728 3681 of
743 3625 791 3680 the
812 3624 877 3680 oath
897 3624 953 3677 will
972 3623 1009 3678 be
1026 3622 1089 3678 thut
1107 3623 1157 3678 the
1175 3641 1241 3677 mun

141 3712 198 3766 will
213 3713 326 3784 scquire
338 3730 375 3768 no
395 3713 485 3785 right;
501 3713 554 3767 but
564 3712 602 3767 he
617 3712 678 3766 who
689 3712 740 3766 bas
752 3728 841 3766 swern
854 3716 884 3765 ιο
897 3709 960 3764 God
972 3709 1026 3762 will
1038 3708 1074 3763 bo
1086 3708 1197 3780 obliged
1211 3715 1240 3763 to

141 3797 223 3852 stand
237 3798 276 3869 by
290 3797 333 3853 his
347 3798 423 3854 osth.
462 3798 529 3854 This
545 3800 567 3852 is
584 3797 759 3869 exemplitlod
774 3796 855 3851 when
870 3813 933 3861 one,
947 3795 984 3867 by
996 3795 1132 3866 inspiring
1146 3795 1241 3865 unjust

141 3883 210 3947 seer,
224 3882 276 3937 has
287 3885 370 3954 giren
384 3886 513 3939 οοοοοίοιι
527 3891 558 3939 ιο
573 3901 591 3938 ο
601 3900 692 3938 swern
706 3884 836 3954 promise.
876 3883 913 3936 So
933 3897 974 3935 we
991 3896 1038 3935 seo
1057 3880 1105 3935 tho
1120 3880 1240 3934 Ilebrcw

141 3968 223 4039 kings
233 3969 360 4024 rebuked
372 3969 409 4042 by
424 3969 473 4025 the
485 3969 628 4043 prophete,
644 3968 850 4041 sndpunishod
861 3968 900 4039 by
913 3966 985 4030 (iod,
998 3965 1042 4019 for
1054 3973 1104 4021 not
1118 3966 1240 4037 lseopiug

140 4052 216 4108 their
226 4053 299 4108 saith
312 4053 380 4109 with
394 4054 443 4110 the
457 4055 632 4127 Babylonian
645 4055 735 4126 kings.
771 4055 870 4108 Cicero
888 4053 968 4107 luuds
984 4053 1164 4124 Pomponius,
1177 4050 1239 4106 who

140 4138 210 4210 kept
223 4156 261 4194 an
280 4140 347 4195 esth
361 4141 445 4212 given
458 4141 549 4196 under
567 4148 676 4196 terrore
696 4141 767 4202 scel,
786 4139 909 4212 heroys,
925 4156 981 4193 was
997 4139 1037 4193 tls
1051 4142 1132 4208 soree
1152 4139 1187 4210 of
1202 4155 1240 4191 cn

139 4225 204 4278 cett
224 4235 254 4280 αι
273 4227 331 4281 stat
345 4227 415 4280 time.
451 4226 515 4281 And
530 4226 619 4281 hence
640 4226 766 4298 Regulus
783 4242 839 4279 erus
859 4225 954 4281 bound
978 4228 1007 4277 to
1026 4230 1124 4278 return
1146 4229 1175 4277 to
1197 4221 1241 4277 his

140 4309 363 4382 imprisoument,
378 4311 486 4384 though
500 4314 613 4384 unjust;
636 4313 692 4368 aud
707 4311 787 4368 those
802 4317 851 4367 ton
869 4310 961 4366 whom
977 4309 1074 4365 Cicero
1093 4308 1210 4386 mentio„

139 4400 171 4449 to
185 4402 283 4452 return
295 4403 325 4453 ιο
340 4396 470 4453 Annibal
1202 4406 1209 4415 ”

1001 4464 1210 4560 ·7-e²
