2834 4920
235 218 301 282 416
422 226 577 284 MONITA
597 228 649 283 DE
670 227 755 283 NON
775 226 932 283 TEMERE
953 226 1152 282 nunninus
1211 224 1338 294 [Liuii.

310 395 332 457 4
365 395 419 459 De
434 414 492 459 suo
500 394 578 477 juro
594 395 829 459 strumentum
844 395 973 480 aliquid
989 396 1141 460 relocare
1153 416 1217 460 uon
1234 395 1342 460 solum

72 510 195 598 intpp
238 493 460 567 liberalitatis,
477 494 535 556 sed
544 493 735 578 plerumque
754 496 855 557 etiam
871 495 1110 558 commoditatis
1125 506 1180 569 est,
1197 493 1245 557 ait
1263 494 1341 555 Am-

76 560 156 607 m
238 590 366 656 hrosius
409 589 563 655 Aristides
581 590 692 655 suadet
717 590 891 656 civitatibus
907 592 1100 683 συγχωρεῖν
1116 589 1168 659 καὶ
1185 586 1340 681 παριέναι

237 685 319 765 &rr
336 683 376 757 ἂν
392 681 412 782 ᾖ
427 684 574 780 με’τριον,
593 692 761 755 concedere
773 702 803 755 ct
815 691 952 813 larps'ri,
968 712 998 755 ss
992 692 1096 773 qaid
1108 693 1152 755 eit
1168 693 1340 756 mediocre

237 739 403 853 Rationem
421 783 576 853 addin*
550 816 664 878 ωσπερ
681 814 753 879 γαρ
769 786 822 855 καὶ
840 784 907 854 τῶν
923 779 1087 856 ἱδιιυτῶν’
1072 790 1238 856 επαινεῖτε
1257 816 1341 858 rous

239 881 445 974 si'yuduouoc
462 884 515 952 nai
532 882 708 970 βλαβῆναί
725 914 801 952 τινα
817 888 944 964 μᾶλλον
961 881 1166 978 αἱρουμένους
1182 881 1203 968 ἢ
1222 879 1342 980 διαφέ-

238 986 355 1077 ρεσθαι
373 980 456 1075 πρός
474 1004 573 1055 τινας·
598 1007 678 1050 uam
698 996 728 1050 et
739 986 949 1070 priuatorum
965 987 1130 1050 homiuum
1146 1007 1197 1050 eos
1219 988 1342 1051 lauda·

239 1086 292 1159 tis,
310 1106 367 1168 pur
361 1083 482 1169 'facili
503 1094 578 1148 sunt
595 1084 732 1165 ioyeuio,
756 1094 786 1148 et
803 1084 918 1147 damni
934 1085 1064 1169 aliquid
1085 1085 1193 1149 cubum
1208 1085 1342 1149 malunt

238 1204 337 1267 quom
354 1183 496 1266 liticare
539 1181 740 1301 Xenophon
731 1179 869 1245 historin
886 1181 1006 1247 Graecae
1025 1189 1133 1247 sexto.
1156 1177 1343 1274 σωφρόνων

237 1310 296 1359 μευ
317 1271 457 1360 δητου
442 1278 528 1356 εστὶ,
548 1270 673 1359 unii'
646 1307 673 1347 ει
696 1309 741 1360 μη
757 1277 854 1371 μικραὶ
872 1308 915 1347 τα
933 1272 1184 1373 διαφέροντα“’
1154 1310 1214 1360 ειη,
1238 1275 1343 1349 πολε-

123 1393 126 1397 ’
237 1408 297 1460 μον
312 1375 526 1464 ἀναιρεῖσθαι
543 1380 730 1463 sapientum
741 1391 797 1453 est,
821 1400 860 1443 nc
876 1380 915 1443 oh
930 1402 1048 1464 prauos
1064 1381 1192 1464 quidem
1208 1402 1341 1458 causas,

238 1480 357 1544 bellum
372 1479 540 1563 mucipere.
572 1478 616 1542 Et
632 1476 715 1562 apud
733 1476 955 1542 Philostratum
973 1475 1173 1563 Apollonius:
1190 1476 1343 1554 πόλεμον

240 1569 303 1644 oti'
323 1572 407 1669 incip
421 1572 582 1665 μεγάλων
598 1573 762 1668 αἴρεσθαι·
786 1596 829 1642 rte
844 1577 884 1640 ob
909 1598 1047 1661 mapuas
1064 1578 1194 1661 quidem
1217 1599 1342 1644 causas

234 1676 357 1742 -bellum
373 1676 575 1760 capiendum.

313 1775 374 1839 111.
419 1775 437 1837 1
472 1773 565 1838 Circe
580 1793 696 1859 poenos,
722 1771 812 1837 officii
827 1771 960 1860 primum
983 1772 1082 1838 nostri
1098 1781 1155 1849 est,
1179 1772 1287 1839 sinon
1304 1783 1343 1841 ut

239 1871 407 1947 hominum,
433 1864 537 1937 “certe
560 1880 596 1937 ut
612 1870 870 1948 Christianorum,
891 1878 928 1937 ut
949 1871 1091 1936 facilene
1113 1871 1248 1937 libenter
1267 1894 1343 1937 con·

241 1970 399 2046 donemus,
426 1993 496 2056 quoe
512 1969 545 2034 in
561 1991 617 2033 nos
639 1977 711 2033 sunt
728 1969 896 2046 commissu,
922 1969 1001 2034 sicut
1017 1969 1104 2034 Deus
1120 1970 1210 2034 nohis
1226 1971 1343 2036 condo·

241 2068 332 2133 nat
323 2069 508 2144 inChristO,
529 2066 753 2152 Ephssrvffl:
781 2063 889 2157 τόγε
914 2066 990 2159 coepi
1014 2063 1142 2135 τούτων
1165 2063 1343 2159 ἀόργητον

244 2163 327 2257 νπὲρ
345 2159 387 2232 ὧν
401 2196 444 2234 το
436 2162 502 2287 ζῇ
504 2198 520 2233 ν
536 2160 774 2234 ὖπενθυνον
729 2193 773 2262 τη
792 2163 929 2235 κολάσει
945 2167 1078 2256 γίνεται
1102 2169 1170 2233 τῶν
1193 2159 1342 2249 ›fitensi-

243 2294 321 2343 τιον,
336 2268 421 2335 Θεοῦ
435 2263 536 2360 φνσει
550 2258 750 2356 προσετέθη,
766 2263 812 2329 ait
828 2264 1023 2352 e«losephuut
1040 2269 1098 2330 ira
1109 2286 1230 2331 uacare
1246 2269 1343 2334 circa

243 2387 292 2442 ea,
314 2367 352 2431 oh
375 2388 447 2452 pua
462 2377 606 2432 nocentes
616 2386 721 2450 parta
737 2366 851 2430 mortis
872 2376 948 2431 suut
963 2366 1103 2441 obnoxii,
1120 2366 1168 2429 ad
1187 2365 1343 2432 divinam

242 2476 399 2529 naturam
416 2466 551 2532 accedit.

316 2566 337 2628 2
372 2564 490 2628 Seneca
505 2563 545 2628 de
556 2560 719 2647 Principe:
738 2564 848 2647 Loupe
865 2564 910 2628 sit
921 2565 958 2627 iu
972 2564 1041 2628 suis
1053 2584 1150 2645 quam
1167 2563 1205 2626 iu
1220 2563 1344 2630 alienis

171 2646 177 2659 ’
241 2663 440 2728 exorabilior
464 2662 607 2746 injuriis.
652 2662 745 2724 Nam
769 2663 1035 2744 quemadmodum
1060 2683 1124 2725 nou
1150 2671 1197 2726 est
1225 2665 1345 2745 mapni

242 2763 348 2825 animi
372 2762 428 2845 qui
448 2761 487 2824 dc
512 2761 620 2824 aliato
646 2759 794 2824 liberalis
814 2771 870 2835 est,
893 2762 951 2824 sed
970 2761 1028 2825 ille
1052 2761 1111 2845 pai
1135 2761 1222 2845 quod
1240 2761 1345 2826 alteri

284 2934 297 2968 ⁶
313 2933 382 2982 Certe
394 2937 421 2979 ut
436 2929 636 2991 Christiauomm]
652 2931 765 2977 Theodo-
813 2945 843 2980 11.
854 2931 920 2992 (esp.
929 2932 960 2980 τὶ
972 2932 986 2993 5
996 2933 1019 2982 9.
1030 2933 1139 2979 division.
1150 2932 1273 2994 Hudsoru.)

240 3009 297 3066 sins,
311 3013 340 3055 ut
349 3008 506 3054 Antiochenis
515 3006 660 3052 condonaret
675 3005 764 3051 crimen
858 3004 868 3040 ¹
879 3007 932 3053 Nec
942 3009 1067 3068 quicquam
1076 3022 1124 3055 esse
1133 3009 1261 3068 ploriosius
1269 3011 1343 3069 prin·

240 3085 265 3131 in
279 3099 304 3130 se
320 3084 479 3138 commissum,
494 3095 510 3126 u
524 3081 639 3127 Flaviano
652 3079 765 3139 episcopo
814 3080 865 3140 cipe
874 3081 1038 3141 immmelaeo]
1049 3082 1344 3142 chrysostomusinlsuds

240 3159 288 3204 illis
306 3158 409 3204 maxime
431 3156 521 3203 Christi
544 3155 622 3201 verbis
642 3158 765 3214 pernotus
814 3155 959 3203 clementias:
976 3156 1079 3202 durum
1089 3157 1195 3217 μὲνγιὶρ
1210 3157 1345 3217 ἄνθρωπον

240 3233 300 3279 fuit:
316 3233 405 3278 dimitte
421 3231 478 3287 illie,
494 3231 577 3286 Pater,
592 3229 651 3289 quia
661 3229 765 3274 metunt
814 3230 891 3274 τοῦτο
910 3235 1012 3289 κοσμεῖν
1031 3230 1146 3276 δύναται·
1168 3231 1344 3291 διαφερόντως

240 3306 409 3367 quidfaciunt.
439 3305 528 3350 Nnmt
538 3304 721 3363 chrysostomus
737 3301 766 3346 de
815 3304 840 3348 δὲ
860 3305 918 3349 τοὺς
933 3305 959 3350 ἐν
979 3304 1111 3363 ἐξουσίαις.
1129 3303 1161 3349 τὸ
1182 3304 1233 3364 γιὶρ
1254 3305 1343 3354 πάντα

242 3381 334 3427 Statuit
349 3381 469 3426 vicesima.
501 3376 765 3438 [Tom.v1.pag.6ou.
813 3382 897 3424 ποιεῖν
920 3378 1105 3437 ἐπιτρεπούσης
1129 3378 1175 3428 sris
1198 3378 1343 3437 βασιλείαν,

239 3453 309 3500 Edit.
322 3453 409 3512 Socii]
815 3450 934 3511 κατέχειν
943 3450 1041 3509 ἑαυτὸν,
1057 3449 1098 3496 καὶ
1107 3451 1154 3496 τὸν
1162 3452 1209 3496 τοῦ
1224 3453 1287 3499 θεοῦ
1300 3454 1343 3500 νό-

285 3525 440 3586 ⁶Jotepltut]
454 3526 564 3586 Anuqua
579 3524 696 3571 Hittorioe
711 3522 765 3570 Lib.
813 3542 860 3583 μον
869 3523 979 3585 ἡγεμόνα
989 3523 1118 3571 ποιεῖσθαι
1127 3526 1180 3570 τῶν
1194 3524 1283 3585 ἔργον,
1297 3527 1344 3585 με’.

297 3778 315 3827 4
338 3772 376 3827 So
389 3771 525 3828 Ambrose
541 3791 612 3846 says,
631 3775 693 3829 thet
703 3777 759 3846 sor
773 3792 792 3828 a
805 3776 875 3846 pood
887 3792 953 3829 man
967 3784 993 3829 to
1005 3776 1081 3830 ναῖον
1094 3776 1237 3830 oomcudat
1250 3779 1286 3851 ⁰s
1298 3780 1342 3833 his

170 3894 173 3901 ·
239 3859 335 3930 niphis,
349 3859 372 3912 is
387 3867 433 3911 uot
450 3859 514 3929 only
534 3878 553 3913 a
568 3862 645 3930 point
666 3861 853 3932 oslibcrality,
867 3863 913 3915 but
931 3863 1004 3931 ersten
1026 3864 1062 3931 os
1077 3862 1252 3916 oouueuicuce.
1300 3864 1342 3918 So

242 3944 378 3999 Aristides
389 3943 539 4015 persuades
548 3946 626 3999 cities
638 3952 668 4000 to
680 3947 788 4017 pardon
800 3946 855 4000 and
870 3947 1001 4012 concede,
1010 3947 1035 4000 if
1043 3948 1066 4001 it
1076 3947 1112 4002 be
1124 3964 1180 4018 uny
1191 3948 1343 4005 moderate

240 4036 363 4093 metten
384 4030 488 4100 adding
500 4030 548 4085 the
559 4046 668 4095 rcnson,
680 4033 737 4085 that
751 4049 812 4086 coen
826 4033 856 4085 iu
865 4033 972 4103 private
981 4050 1091 4104 persons
1103 4033 1153 4087 this
1168 4034 1341 4089 islaudatle.

242 4115 281 4169 So
296 4115 465 4186 Xenophon,
478 4116 534 4169 und
546 4116 710 4187 Apollonius
726 4118 754 4170 in
768 4117 964 4172 Philostratus.

205 4251 207 4254 ,
295 4200 348 4255 ΙΠ.
388 4207 400 4254 l
425 4201 503 4255 With
522 4202 622 4272 segurd
640 4209 670 4256 to
686 4201 887 4273 punishments,
902 4204 971 4268 itis,
987 4204 1016 4258 in
1034 4203 1085 4259 the
1104 4204 1165 4257 first
1179 4203 1269 4274 place,
1288 4221 1344 4260 our

239 4285 320 4356 duty,
332 4287 358 4339 if
371 4292 422 4340 not
443 4303 472 4340 ss
494 4288 748 4352 mendicantes
769 4288 931 4351 Christiane,
952 4295 982 4344 to
1003 4290 1110 4360 forgivc
1128 4289 1262 4360 williugly
1281 4291 1342 4346 und

240 4371 331 4444 freely
353 4372 471 4428 offensos
494 4374 603 4445 against
623 4391 665 4440 us,
685 4391 714 4430 es
736 4373 800 4430 God
821 4373 852 4428 in
872 4373 965 4430 curin
983 4375 1104 4448 forgives
1130 4391 1183 4431 our
1201 4374 1334 4432 offensos.
