2834 4920
142 240 213 297 Chr.
228 234 308 310 XV.]
352 240 404 295 DE
426 240 644 297 FEDERIBUS
666 240 715 296 Ae
739 241 1031 298 SPONSIONIBUS.
1183 236 1244 300 113

142 407 228 473 dere.
274 405 362 471 Bene
380 404 608 472 Tertullianus:
637 410 803 481 Quamdiu
819 410 911 473 iutro
928 411 1085 476 Ieroelem
1102 423 1176 476 erat
1191 434 1245 478 aa·
1257 433 1310 516 1ιιι.
1322 432 1390 472 uara

143 519 353 580 crementum,
376 507 490 570 merito
510 508 546 570 iu
570 507 653 571 aclea
668 508 800 591 fratrea
824 510 1084 574 misericordium
1106 514 1245 577 maudo-
1266 489 1284 516 ν’
1297 479 1325 517 ¹⁸

144 609 210 672 bot.
241 608 289 670 At
304 605 362 670 ubi
381 606 508 671 Cleriatc
525 606 616 669 dedit
627 617 735 690 gentes
747 608 959 672 hereditatem
974 620 1004 672 et
1016 613 1245 692 poemenionem

145 708 297 773 terminos
314 717 417 780 terrie,
441 716 471 768 et
488 706 583 788 eoepit
600 707 742 790 emungi
757 708 843 790 quod
862 707 986 771 dictum
1004 718 1050 772 eat
1060 730 1124 791 per
1145 712 1244 775 Oeee:

143 807 221 871 Nou
251 805 393 889 popolus
418 824 505 867 meus
523 805 667 888 populus
699 825 796 882 mene,
829 816 859 869 et
891 826 955 869 uon
984 808 1244 873 nummicordiam

143 916 312 972 consecuto
339 904 598 968 misericordium
624 915 801 978 consecuto,
829 906 936 968 Notio
961 907 1106 983 milicem
1132 910 1245 974 exinde

148 1007 299 1071 Clurietue
317 1005 354 1067 iu
375 1024 481 1067 omnes
499 1001 595 1085 legem
607 1004 774 1085 fraterne
791 1003 1001 1088 benignitatis
1017 1009 1166 1082 extendit,
1192 1029 1245 1072 ne-

144 1107 262 1169 miuem
279 1103 447 1168 excludent
461 1103 497 1165 in
513 1103 728 1178 nvieerotioue,
746 1103 831 1167 sicut
847 1104 884 1166 iu
900 1106 1074 1170 vocatione.

221 1204 242 1267 2
278 1202 356 1279 Quae
373 1199 469 1286 accipi
486 1209 611 1285 oportet
627 1200 715 1266 salva
729 1200 847 1289 gradus
872 1202 1056 1280 differentia,
1075 1212 1111 1269 ut
1129 1203 1161 1268 in
1179 1226 1244 1270 om·

145 1323 201 1366 nes
217 1300 312 1366 simus
326 1299 463 1375 benefici,
482 1298 638 1385 precipue
650 1308 755 1364 tamen
772 1298 804 1363 in
820 1300 979 1389 religionis
995 1312 1164 1367 consertes.
1205 1304 1242 1368 In
1257 1334 1299 1373 οιι
1313 1333 1340 1373 ιι
1350 1334 1379 1373 ιο

147 1399 314 1467 Clementis
331 1397 598 1464 constitutionibus
619 1398 771 1487 legimns:
797 1402 897 1466 πᾶσιν
917 1392 971 1466 οὖν
990 1393 1110 1469 δίκαιον
1126 1393 1241 1471 διδόναι
1256 1427 1387 1469 ιιιιιιιιι.

144 1495 186 1589 ἐξ
213 1500 332 1568 οἰκείων
357 1492 472 1566 πόνων·
508 1495 735 1588 προτιμητέον
761 1489 795 1564 ii
823 1495 901 1570 voris
924 1495 1052 1586 α’·γίους·
1088 1504 1243 1568 Obicibus

146 1601 350 1684 largiendum
375 1599 415 1663 de
434 1609 548 1663 aoetrc
572 1619 694 1682 opera:
717 1599 774 1663 aed
793 1599 846 1662 ito
870 1610 907 1661 ut
929 1612 1116 1665 aoiuctorum
1131 1603 1243 1685 potior

144 1701 305 1764 habeatur
318 1699 417 1761 ratio.
461 1698 613 1781 Perfecto
631 1698 824 1770 liberalitati,
845 1695 945 1782 iuquit
962 1697 1152 1775 Ambrosius,
1162 1703 1242 1787 Jide,
1258 1723 1332 1772 enei.
1344 1724 1375 1764 ιοι

145 1820 257 1873 οαιιοο,
276 1799 351 1872 Ιοοο,
370 1807 507 1881 tempore
519 1797 769 1871 courmendutur,
786 1809 823 1860 ut
833 1798 982 1881 piimum
994 1800 1136 1883 opererio
1152 1802 1244 1865 circo

145 1899 332 1962 domesticos
339 1897 430 1978 fidei.
483 1893 588 1959 Simile
604 1905 653 1959 est
669 1894 746 1960 illud
763 1894 962 1961 Aristotelis:
988 1894 1026 1964 οὑ
1041 1894 1113 1989 γὰρ
1127 1894 1242 1974 ὁμοίως
1257 1923 1378 1963 uuum

145 1993 303 2087 προσήκει
321 1988 471 2074 συνήθων
489 1992 541 2060 rai
563 1989 692 2062 ὀθνείων
714 1989 914 2087 φροντίζειν·
940 1997 1053 2081 Neque
1073 1999 1158 2062 euim
1174 2021 1242 2083 par

145 2108 191 2161 cet
208 2096 363 2182 aequalem
380 2116 495 2160 euram
511 2094 617 2159 erudiri
627 2115 693 2178 pro
710 2096 852 2159 extemis
868 2107 898 2158 et
909 2116 974 2178 pro
990 2097 1115 2161 canicie.

220 2197 242 2258 3
273 2194 439 2259 Convictus
462 2191 555 2258 etiam
580 2191 741 2257 familiaris
765 2213 835 2256 eum
860 2193 1044 2268 hominibus,
1072 2195 1126 2280 qui
1150 2195 1243 2260 alieni

145 2301 217 2359 sunt
239 2315 260 2359 a
284 2291 459 2381 Religione,
482 2312 544 2355 non
568 2290 773 2376 prohibetur:
800 2312 837 2355 ac
862 2312 903 2355 ne
928 2313 997 2356 eum
1023 2292 1082 2358 illis
1107 2294 1243 2379 quidem,

145 2413 275 2479 quorum
292 2391 382 2478 pejor
398 2411 491 2455 causa
507 2399 563 2466 est,
581 2398 614 2456 et
630 2389 683 2475 qui
699 2409 719 2453 a
735 2388 905 2474 disciplinae
927 2390 1115 2457 Christianae
1133 2392 1245 2479 regula

146 2491 299 2568 deficiunt,
323 2512 414 2555 omne
434 2487 629 2554 interdicitur
653 2488 878 2564 commercium,
903 2489 959 2554 sed
980 2489 1132 2555 familiare
1153 2499 1245 2555 extra

110 2606 113 2611 ’
145 2590 369 2665 necessitatem,
395 2587 562 2653 nenetiam
580 2587 663 2673 quod
688 2587 888 2653 emendandis
904 2587 978 2675 ipsis
1003 2611 1088 2675 spem
1112 2590 1242 2676 presbet.
1256 2615 1385 2657 immun

147 2689 228 2754 lllnd
251 2710 326 2754 vcro
358 2687 442 2774 quod
466 2687 550 2772 apud
575 2686 705 2752 Paulum
731 2696 788 2762 est,
819 2690 873 2753 Ne
896 2690 1014 2774 jugum
1038 2691 1146 2756 ducite
1169 2663 1400 2802 οιιοιὲΐεοῶνιῑι

147 2790 305 2855 alieniso
320 2790 410 2872 fide:
435 2789 521 2872 quod
537 2789 621 2852 enim
647 2790 840 2852 consortium
864 2799 911 2853 eat
929 2790 1070 2871 justitie
1092 2813 1164 2854 cum
1181 2792 1245 2854 iui-
1330 2781 1336 2792 '

147 2891 281 2974 quitate,
305 2900 364 2952 out
380 2909 449 2970 quoe
464 2888 647 2951 concertatio
672 2899 718 2951 eat
738 2888 804 2951 luci
828 2889 1065 2963 commembris,
1089 2900 1152 2952 out
1174 2911 1246 2971 quoe

147 2989 320 3053 eoncordia
343 2998 390 3052 eat
411 2988 538 3052 Ciiriatc
563 3007 638 3050 cum
659 2989 800 3058 Sota-nc,
827 2997 886 3047 aut
907 3008 976 3069 que
992 3008 1079 3069 picra
1104 2988 1246 3050 credenti

147 3109 220 3150 oum
230 3108 293 3150 nou
306 3085 478 3152 credente?
493 3083 535 3148 ad
549 3104 601 3148 eos
614 3083 751 3171 pertinet
768 3083 820 3167 qui
833 3082 864 3146 in
876 3082 975 3147 idoliis
993 3081 1244 3159 convivabantur,

148 3194 243 3269 atque
267 3184 312 3249 ita
337 3192 392 3249 ant
419 3181 623 3249 idololatriam
647 3181 889 3256 committebant,
917 3190 973 3246 aut
999 3190 1084 3246 certe
1110 3180 1247 3246 commit·

148 3282 279 3347 tentiam
292 3281 420 3370 speciem
444 3281 635 3367 praebebant.
674 3280 852 3345 Ostendunt
868 3280 1047 3366 sequentia:
1078 3284 1158 3361 Quae
1175 3302 1247 3346 cou-

147 3383 251 3447 aenaic
269 3383 383 3467 tenmlo
404 3383 471 3447 Dei
488 3403 560 3446 cum
582 3381 710 3445 idolio?
734 3378 844 3445 similia
861 3378 920 3444 illis
937 3401 1007 3466 qua]
1029 3379 1061 3444 in
1078 3380 1183 3467 priore
1205 3380 1246 3446 ad
1260 3403 1392 3443 rouen.

147 3630 250 3702 belong
263 3635 294 3685 te
309 3631 418 3702 private
437 3631 589 3702 prudence,
602 3637 654 3686 not
671 3635 702 3685 to
717 3630 813 3701 public
828 3629 930 3702 poliey,
944 3630 1000 3684 and
1016 3630 1105 3686 admit
1119 3630 1153 3686 ei
1162 3648 1247 3703 many

147 3719 316 3787 exceptione.

200 3803 238 3856 X.
284 3808 298 3856 1
326 3803 388 3856 The
411 3802 515 3874 Gospel
544 3801 670 3873 changed
697 3801 815 3873 nothing
833 3802 863 3855 in
886 3800 942 3855 this
965 3806 1083 3855 matter:
1107 3802 1130 3855 it
1151 3800 1248 3856 rather

147 3887 262 3943 favours
275 3888 456 3943 conventione
469 3887 534 3941 with
546 3888 582 3942 all
596 3904 661 3942 men
676 3886 738 3943 that
751 3905 792 3942 we
803 3905 867 3958 may
880 3888 916 3941 do
929 3884 1010 3941 them
1025 3885 1115 3956 good:
1136 3903 1167 3940 aa
1182 3886 1247 3940 God

148 3973 244 4028 makes
258 3972 302 4028 hia
314 3990 368 4027 sun
379 3980 409 4028 ιο
423 3974 479 4028 riso
490 3989 529 4027 on
542 3973 592 4028 the
599 3975 660 4044 just
668 3973 733 4026 and
745 3989 782 4027 on
797 3972 847 4028 the
860 3974 962 4042 unjust.
1007 3972 1046 4026 Se
1059 3971 1224 4025 Tertullinn.

206 4064 223 4112 2
251 4058 354 4113 Which
368 4067 443 4114 must
454 4059 491 4114 be
502 4059 589 4114 tnlren
602 4058 670 4113 with
682 4075 700 4112 a
712 4058 872 4122 diffmnnee,
886 4056 949 4111 that
963 4072 1005 4110 we
1017 4074 1065 4111 are
1080 4064 1110 4111 ιο
1125 4056 1161 4110 do
1173 4055 1247 4127 good

148 4150 180 4198 te
194 4144 241 4208 all,
254 4145 307 4200 but
321 4145 454 4217 specially
469 4151 498 4199 to
513 4144 595 4200 these
609 4144 671 4199 who
692 4160 741 4198 aro
756 4160 808 4197 our
822 4142 968 4214 portahors
981 4142 1011 4195 in
1025 4142 1152 4212 religion.
1192 4141 1247 4196 See

148 4229 198 4284 the
210 4231 387 4286 clementino
402 4230 616 4295 Constitutione,
632 4229 778 4293 Ambrese‚
793 4228 936 4283 Aristode.

200 4322 217 4370 3
238 4316 373 4370 Familiar
386 4317 557 4372 iutercourae
568 4317 592 4372 is
603 4323 654 4371 not
664 4315 816 4372 forbidden
827 4313 893 4367 with
908 4321 1049 4383 strangers
1065 4316 1093 4365 ιο
1106 4309 1246 4379 Religion,

146 4416 202 4455 ner
214 4417 286 4457 even
297 4400 379 4457 those
390 4401 452 4458 who
463 4401 535 4458 have
548 4419 621 4475 gene
635 4400 708 4457 back
721 4401 797 4457 irem
813 4399 932 4470 religion
939 4417 947 4463 3
965 4396 1017 4452 but
1029 4396 1096 4467 only
1111 4409 1245 4449 neneces-
