2834 4920
130 278 201 335 cu».
216 275 284 345 xa]
534 276 588 331 na
610 259 823 334 Peoissssm.
981 236 984 240 ⁴
1190 271 1232 340 37

131 443 179 506 od
203 441 242 504 id
258 439 488 525 prestandum
514 459 572 503 noc
599 441 685 525 quod
711 440 818 505 alicui
840 442 1056 525 promisimus
1078 443 1232 528 obligat?

130 539 175 605 ait
193 539 312 604 Seneca
328 536 368 603 de
384 534 455 624 lege
477 535 614 603 humana
637 544 670 602 et
686 529 853 625 'promisso
876 560 939 604 non
961 539 1130 606 solenniter
1146 542 1230 609 facto
1242 550 1381 635 5,qu

128 637 267 723 loquens.

205 739 229 799 3
262 736 397 800 Possunt
424 741 528 800 autem
555 733 741 801 naturaliter
765 735 930 801 deliberati
956 736 1050 802 animi
1074 735 1137 803 alia
1161 759 1229 805 esse

129 833 220 922 signa
236 841 356 919 praeter
378 832 618 919 stipulationem,
635 841 692 899 aut
714 832 741 898 si
761 833 837 918 qnid
856 834 886 898 ei
903 834 1002 900 simile
1018 835 1228 902 adactionem

129 931 315 1020 pariendam
341 931 392 997 lex
415 931 513 997 ciuilis
534 930 680 1018 postulat
732 931 825 1009 Quod
849 941 953 998 antem
979 933 1016 999 fit
1038 933 1141 998 animo
1164 956 1228 999 non

128 1030 312 1105 deliberato,
339 1029 372 1096 id
397 1051 455 1094 nos
483 1050 606 1115 quoqne
634 1028 676 1094 ad
703 1029 766 1095 rim
793 1030 951 1120 obligandi
980 1053 1043 1097 non
1073 1033 1228 1098 credimus

128 1128 306 1216 pertinere;
332 1128 416 1213 quod
438 1136 471 1194 et
493 1129 728 1214 Theophrastus
750 1128 830 1193 libro
847 1131 888 1195 de
904 1129 1026 1219 legibus
1042 1140 1226 1198 notaverat:
1238 1137 1367 1225 ww

128 1227 190 1292 imo
206 1236 240 1292 et
255 1226 339 1313 quod
364 1226 535 1293 deliberato
556 1226 601 1303 fit,
619 1225 675 1291 sed
696 1248 760 1293 non
777 1249 814 1293 eo
831 1228 933 1293 animo
950 1237 986 1295 ιιι
997 1229 1050 1315 jus
1066 1229 1227 1316 proprium

128 1325 280 1391 concedat
302 1324 403 1402 alteri,
427 1347 468 1390 ex
490 1346 528 1391 eo
552 1346 701 1413 negamus
719 1324 772 1412 jus
798 1326 944 1415 exigendi
968 1328 1111 1413 cuiquam
1135 1336 1226 1393 natu-

128 1424 239 1490 raliter
263 1423 342 1502 dari,
369 1445 547 1512 quanquam
572 1445 635 1488 non
662 1424 758 1489 solam
784 1424 857 1490 hinc
881 1426 1086 1503 honestatem,
1112 1428 1225 1493 sedet

128 1521 343 1589 necomitamm
372 1523 528 1608 quandam
558 1521 706 1587 moralem
736 1522 821 1588 nasci
849 1523 1055 1612 agnoscimus.
1106 1522 1158 1589 De
1187 1545 1225 1590 eo

128 1631 233 1687 autem
249 1621 334 1707 qnod
346 1642 386 1686 ex
407 1620 556 1687 Cicerone
568 1620 734 1686 adducitur
746 1642 875 1709 agemus
897 1622 988 1698 infra,
1006 1621 1113 1687 ubido
1128 1622 1226 1688 inter·

128 1719 304 1806 pretatione
319 1727 481 1807 pactorum
501 1740 602 1784 sermo
627 1718 697 1788 erit.
750 1720 814 1786 Sed
836 1742 909 1808 qnae
930 1720 972 1786 ad
987 1720 1136 1808 perfectae
1151 1741 1226 1807 pro-

126 1817 279 1883 missionis
295 1817 358 1883 wim
373 1817 592 1904 ⁴⁹‘requirantur
609 1816 778 1883 rideamus.

202 1918 242 1984 V.
295 1919 315 1980 1
349 1916 489 1982 Primum
510 1915 681 2001 requiritur
702 1937 777 1981 usus
793 1916 942 1984 rationis:
966 1917 1038 1983 ideo
1055 1925 1089 1984 et
1104 1916 1224 1994 furiosi,

127 2024 161 2081 et
176 2014 317 2091 amentis,
334 2023 368 2081 et
383 2013 510 2080 infantis
532 2013 618 2080 nulla
639 2022 688 2080 est
704 2014 875 2101 promissio.
926 2016 1021 2081 Aliud
1037 2016 1224 2082 censendum

127 2113 167 2179 de
184 2113 364 2191 minoribus,
381 2113 414 2179 hi
439 2112 522 2179 enim
544 2112 604 2179 etsi
622 2134 685 2177 non
708 2113 783 2180 satis
803 2114 927 2178 firmum
938 2114 1090 2199 judicium
1106 2114 1225 2181 habere

127 2212 307 2295 credantur,
326 2223 362 2278 ut
384 2221 417 2278 et
440 2211 585 2287 immina,
606 2210 640 2277 id
662 2220 768 2277 tamen
792 2233 850 2278 nec
874 2221 1060 2300 perpetuum
1083 2222 1140 2291 est,
1167 2234 1225 2278 neo

126 2332 183 2396 per
199 2333 234 2376 sc
250 2311 359 2377 sufficit
375 2311 417 2376 ad
432 2319 519 2376 actus
535 2309 597 2376 rim
615 2309 798 2375 elidendam.

201 2412 223 2474 2
259 2408 391 2488 Quando
419 2418 524 2475 autem
552 2429 631 2494 puer
655 2408 776 2474 ratione
801 2409 848 2474 uti
875 2408 1011 2495 incipiat,
1032 2430 1095 2473 non
1121 2416 1226 2495 potest

125 2583 186 2628 later
199 2582 261 2628 does
270 2581 390 2629 Bessum
401 2581 464 2629 actio
475 2595 522 2627 ιιοιι
535 2580 648 2628 mdiu.
699 2581 804 2639 sponsio,
829 2581 958 2627 verborum
983 2579 1114 2626 solennitas
1137 2579 1226 2626 dicitnr

125 2656 175 2717 51.
698 2656 785 2711 Paulo,
801 2656 855 2702 Lib.
874 2668 898 2703 w.
928 2655 1111 2712 ammonas,
1125 2653 1188 2714 (Tit.
1200 2655 1224 2702 ⁷.

169 2729 231 2777 ‘De
240 2729 359 2790 pressim
376 2743 421 2775 roa
435 2728 568 2775 solemniter
577 2728 648 2788 sueto
700 2732 715 2793 g
733 2731 766 2790 1.)
786 2737 812 2778 et
827 2731 886 2779 Caio
900 2732 972 2777 titulo
988 2732 1019 2777 de
1039 2731 1226 2791 obligationibus

125 2804 232 2866 loquens]
252 2804 282 2850 Id
292 2810 336 2862 ast,
350 2817 399 2850 non
410 2817 506 2864 sponso.
545 2803 584 2849 Sic
597 2803 649 2863 epl-
698 2821 753 2867 qua
763 2821 792 2852 ex
803 2820 920 2853 consensu
931 2805 1002 2855 flunt.
1018 2806 1059 2867 (ιι.
1070 2807 1094 2854 9.
1103 2805 1142 2866 4.)

126 2882 188 2926 stola
195 2893 253 2926 ιιι.
268 2879 407 2939 distinguit:
423 2877 482 2925 Jusa
492 2892 539 2924 ιιοιι
551 2879 650 2938 prosu-
742 2875 753 2905 ⁸
768 2877 858 2923 Confer
865 2877 1034 2923 Purssnoar.
1044 2877 1084 2924 De
1091 2876 1154 2924 Jure
1163 2875 1224 2923 Nat.

124 2961 175 3002 aas
188 2956 217 3002 de
231 2961 261 3012 te,
276 2954 318 3001 aad
329 2954 450 3014 madent.
480 2953 614 3012 Stipnlutns
624 2956 649 2998 st
697 2956 720 2998 ct
732 2949 848 3007 Gentium,
858 2950 912 2997 Lib.
923 2964 964 2998 ιιι.
975 2965 1028 3011 esp.
1038 2953 1069 2998 ri.
1095 2950 1163 2999 J.B.

182 3207 199 3257 3
228 3199 321 3256 There
344 3218 417 3274 may,
437 3201 575 3268 however,
598 3202 636 3273 by
656 3198 777 3254 Natural
794 3199 868 3262 Law,
894 3196 931 3251 be
951 3194 1034 3252 other
1054 3195 1129 3264 signs
1156 3193 1190 3247 of
1206 3211 1225 3248 a

126 3286 280 3342 deliberate
300 3303 431 3358 purpose,
448 3287 558 3343 besides
577 3285 627 3342 the
642 3285 785 3356 formality
803 3283 837 3337 of
852 3282 1020 3354 stipulcttoa,
1034 3297 1068 3334 or
1087 3279 1224 3351 anything

125 3372 183 3427 else
202 3371 292 3427 which
307 3373 356 3427 the
381 3373 452 3428 Oiril
466 3374 533 3427 Law
553 3373 678 3444 requires
692 3388 723 3426 as
738 3388 757 3425 a
776 3369 887 3442 gromm
900 3369 947 3423 for
960 3383 998 3422 an
1018 3367 1121 3421 action.
1166 3367 1225 3420 But

125 3457 199 3513 what
215 3458 238 3512 is
253 3457 327 3513 done
341 3466 392 3513 not
406 3457 440 3513 of
450 3458 604 3513 deliberate
618 3458 766 3520 intention,
780 3472 822 3510 we
836 3455 895 3510 also
910 3454 947 3508 do
961 3457 1012 3507 not
1025 3451 1092 3506 hold
1107 3456 1138 3505 to
1152 3450 1224 3505 hare

124 3541 174 3598 the
186 3542 265 3597 force
280 3544 314 3598 of
329 3544 491 3614 obligatior,
513 3560 544 3598 as
558 3543 767 3614 Theophrastus
789 3542 848 3595 also
863 3539 919 3593 had
934 3538 1029 3594 noted.
1073 3536 1138 3591 And
1153 3551 1225 3591 even

123 3643 155 3682 as
175 3634 206 3683 to
224 3626 288 3683 that
305 3628 395 3685 which
412 3630 436 3683 is
456 3629 531 3684 done
550 3629 618 3682 with
632 3628 787 3682 deliberate
806 3626 955 3689 intentIon,
971 3624 1024 3678 but
1045 3627 1097 3675 not
1118 3620 1185 3674 with
1207 3637 1226 3674 a

123 3729 246 3785 purpose
258 3713 291 3768 of
301 3714 455 3785 conceding
469 3731 487 3768 a
497 3730 603 3786 proper
613 3713 689 3784 right
700 3719 730 3767 to
745 3709 873 3775 another,
890 3726 932 3764 we
947 3710 1022 3779 deny
1033 3705 1096 3761 that
1108 3707 1131 3760 it
1145 3707 1223 3777 gives

122 3805 154 3853 to
168 3815 224 3871 any
238 3814 293 3853 one
312 3816 330 3853 a
345 3800 421 3870 right
440 3799 474 3854 of
490 3799 661 3870 demanding
678 3798 727 3853 the
742 3796 937 3869 performance
951 3795 990 3866 by
1004 3791 1125 3847 Natural
1139 3792 1223 3847 Laws

122 3882 241 3954 though,
259 3885 289 3937 in
303 3884 359 3939 this
378 3901 450 3950 case,
463 3901 507 3939 we
520 3885 601 3939 allow
620 3884 684 3939 that
702 3888 753 3938 not
768 3882 835 3953 only
849 3897 867 3935 a
880 3881 1034 3953 propriety,
1047 3877 1100 3932 but
1114 3892 1186 3932 eren
1205 3892 1224 3930 a

122 3969 214 4025 moral
227 3971 365 4042 necessity
379 3970 473 4025 arises.

179 4055 219 4109 As
234 4060 265 4109 to
278 4055 354 4110 what
367 4056 391 4110 is
412 4054 541 4110 adduced
554 4054 630 4109 from
650 4053 757 4118 (licere,
774 4069 817 4108 ne
836 4050 909 4108 shall
927 4056 1002 4107 treat
1020 4049 1119 4112 below,
1140 4045 1222 4102 when

121 4156 164 4195 we
177 4139 250 4196 hare
261 4146 293 4195 to
303 4141 391 4213 spealr
406 4141 439 4196 oi
448 4140 497 4195 the
511 4141 728 4211 interpretation
740 4139 774 4193 of
781 4144 871 4211 pects.

178 4226 215 4281 V.
261 4226 319 4280 But
338 4227 379 4281 let
392 4242 426 4280 us
439 4242 487 4281 see
501 4225 576 4281 what
590 4225 747 4282 conditione
765 4240 814 4279 are
834 4221 966 4295 required
985 4226 1016 4277 ιο
1034 4222 1158 4295 produce
1172 4220 1223 4277 the

120 4311 200 4367 force
212 4310 247 4365 oi
257 4327 276 4364 a
286 4310 396 4384 perfect
407 4312 537 4383 promise.

180 4403 195 4450 1
224 4396 300 4451 First
318 4395 399 4452 there
415 4396 582 4469 isrequired
594 4397 643 4454 the
653 4413 703 4454 use
721 4396 755 4452 oi
768 4411 885 4454 reason:
907 4392 965 4450 and
980 4393 1122 4449 therefore
1143 4391 1222 4445 mad-
