2834 4920
75 252 154 308 Gar.
168 249 294 319 xxua]
447 251 500 305 DE
524 250 658 305 CAUSIS
680 249 823 307 DUBIIS.
1125 241 1190 308 397

83 419 166 488 teria
180 417 262 485 omni
276 416 392 483 formas
405 423 561 504 separant,
575 423 607 481 et
620 414 692 501 quia
707 414 815 480 lormae
827 412 903 501 ipsas
916 413 994 480 tales
1008 414 1190 505 plerumque

86 528 167 596 sunt,
190 523 245 584 ⁸ut
261 518 338 582 nihil
355 516 491 581 habeant
508 514 713 601 interjectum,
737 514 815 579 sicut
831 514 914 579 inter
931 524 1050 581 rectum
1068 527 1101 583 et
1120 541 1189 583 cur-

86 641 158 684 rum
184 617 261 682 nihil
285 624 333 682 est
352 615 457 683 medii.
506 615 566 680 ¹At
590 614 622 679 iu
645 613 812 679 moralibus
835 613 1072 681 circumstantiae
1096 617 1190 683 etiam

87 716 221 782 minimae
236 715 361 781 uariant
376 712 548 789 materiam,
567 722 599 779 et
615 713 734 788 formae,
752 713 792 777 de
811 712 922 798 quibus
936 714 1051 802 agitur,
1068 708 1191 782 l'solent

87 817 205 882 habere
235 813 431 901 interjectum
457 811 582 898 aliquid,
614 833 651 877 ea
675 810 848 890 latitudine,
875 821 911 877 ut
936 814 1093 880 modoad
1121 815 1189 892 hoc,

88 916 179 982 modo
196 914 238 980 ad
253 914 330 979 illud
347 922 520 978 extremum
536 910 663 997 propius
678 910 853 976 accedatur.
891 911 944 976 Ita
961 913 1042 977 enim
1058 914 1142 980 iuter
1158 914 1191 980 id

89 1014 173 1101 quod
189 1013 256 1079 fieri
273 1021 406 1101 oportet,
433 1019 466 1077 et
481 1010 563 1075 inter
579 1009 612 1075 id
629 1008 713 1095 quod
728 1009 797 1074 fieri
814 1010 901 1074 nefas
917 1020 973 1087 est,
991 1012 1125 1079 medium
1143 1020 1191 1079 est

89 1114 273 1200 quodlicet,
296 1112 352 1179 sed
368 1110 459 1176 modo
479 1109 561 1186 huic,
587 1109 679 1174 modo
695 1107 740 1173 illi
762 1108 845 1196 parti
861 1108 1082 1222 propinquius:
1107 1112 1191 1178 unde

89 1212 276 1301 ambiguitas
292 1232 375 1298 saepe
391 1210 508 1285 incidit,
533 1208 617 1274 utin
639 1207 828 1294 crepusculo,
853 1208 957 1274 autin
977 1232 1060 1298 aqua
1076 1211 1192 1300 frigida

89 1312 268 1378 calescente.
316 1313 359 1376 Et
383 1310 441 1375 hoc
463 1316 520 1385 est,
547 1306 630 1393 quod
650 1307 696 1373 ait
720 1302 955 1384 Aristoteles,
939 1338 1015 1376 εστι
1038 1309 1316 1404 χαλεπὸννιινιι

90 1408 197 1480 ἕνιότε
218 1407 261 1478 ‘td
289 1411 404 1502 xpirsw
424 1409 521 1476 ποῖον
538 1404 611 1474 ἀντι
634 1407 728 1474 ποίου
745 1401 903 1498 alpe-reor·
927 1410 1009 1492 quid
1025 1413 1079 1474 cui
1101 1423 1190 1477 arate-

85 1513 271 1597 porwndum
287 1513 340 1586 sit,
358 1510 500 1595 difficilcb
517 1530 599 1593 soepe
615 1518 662 1573 est
670 1508 846 1590 judicatio.
874 1506 1069 1573 Andronicus
1085 1520 1190 1575 autem

90 1609 253 1675 Rhodius:
271 1605 314 1676 ‘rd
327 1637 390 1677 κατ
391 1604 568 1688 ’ἀλήθειαν
584 1597 702 1674 δίκαιον
719 1596 907 1697 δυσχερές
892 1634 968 1674 εστι
986 1635 1047 1675 τον
1032 1600 1189 1678 δοκοῦν·
1204 1626 1294 1711 mapa
1303 1625 1318 1664 i
1326 1626 1346 1665 ²

91 1736 148 1778 τοι
166 1700 294 1776 διελειν
308 1708 437 1794 difficile
452 1719 498 1773 est
514 1708 561 1783 id,
579 1707 667 1791 quod
683 1727 754 1780 vere
763 1706 889 1789 justum
906 1717 961 1783 cst,
980 1708 1023 1773 ob
1040 1730 1084 1786 eo,
1102 1685 1222 1795 quod

92 1810 518 1884 catechumenorum

97 1970 99 1974 ⁴
167 1909 210 1973 ΙΙ.
254 1910 273 1972 1
308 1906 446 1971 Primum
469 1912 573 1969 autem
595 1902 672 1969 illud
695 1911 744 1968 est
766 1904 944 1981 tenendum,
970 1905 1089 1973 etiamsi
1116 1908 1191 1994 quid

87 2006 204 2093 justum
217 2006 320 2093 reipsa
337 2013 393 2081 est,
407 2003 463 2070 sed
480 2005 519 2069 ab
535 2025 571 2069 ec
588 2003 633 2080 fit,
647 2001 709 2088 qui,
723 2003 863 2069 omnibus
880 2005 1031 2091 expensis,
1045 2006 1192 2094 injustum

91 2105 125 2171 id
141 2105 307 2180 existimat,
333 2115 435 2169 actum
462 2124 529 2167 esse
546 2102 697 2168 vitiosum.
745 2103 815 2167 Hoc
838 2103 919 2168 enim
935 2114 992 2181 est,
1019 2106 1103 2192 quod
1119 2107 1193 2172 dicit

92 2203 209 2269 Paulus
233 2202 409 2289 Apostolus,
435 2200 580 2286 quicquid
607 2221 669 2265 non
693 2200 728 2265 fit
755 2223 795 2264 ex
821 2201 900 2277 fide,¹
920 2213 1080 2288 peccatum
1106 2229 1192 2274 esse:
1206 2216 1355 2259 noeman.

93 2307 170 2387 cquo
192 2300 225 2365 in
240 2299 305 2364 loco
322 2299 399 2363 fides
418 2298 513 2363 animi
526 2297 677 2385 judicium
697 2298 736 2361 de
756 2320 792 2362 re
812 2299 972 2385 significat.
1024 2304 1106 2368 Nam
1130 2305 1193 2370 vim

88 2397 303 2486 judicatricem
320 2396 461 2463 humanis
477 2396 648 2461 actionibus
665 2393 774 2460 ducem
791 2397 879 2461 Deus
894 2398 1025 2478 addidit,
1043 2423 1106 2488 qua
1122 2425 1193 2468 eon-

94 2506 192 2565 temta
206 2495 396 2563 obbrutescit
411 2494 540 2562 animus.

93 2672 246 2729 illius,'1¹om.
259 2670 576 2733 inportunissimi]
668 2674 707 2718 tor
720 2685 766 2718 noa
781 2675 824 2720 est.
851 2673 1006 2722 Ambrosius:
1016 2681 1139 2736 peccatum
1153 2683 1195 2738 est,

136 2757 148 2785 θ
165 2750 217 2810 Quo
227 2750 253 2795 ιἰι
262 2749 377 2809 locofides
385 2748 582 2806 animijudr'cr'um
591 2746 620 2793 ds
669 2747 734 2811 quod
745 2748 818 2794 aliter
820 2749 855 2808 fit
864 2764 935 2808 φιοιιι
942 2750 1070 2810 probatum
1079 2758 1120 2800 eei.
1151 2755 1195 2801 Se-

92 2839 119 2870 re
127 2822 258 2884 signifieat]
280 2822 373 2870 Eodem
383 2823 486 2870 tendunt
499 2824 524 2868 ln
536 2823 620 2869 eadem
670 2823 752 2881 quitur
763 2824 929 2884 Augustianos
944 2826 1012 2873 citati
1021 2828 1092 2874 ambo
1104 2842 1119 2874 a
1132 2829 1195 2876 Gra·

92 2899 162 2945 Pauli
178 2897 279 2958 epistola
293 2898 376 2943 eodem
392 2898 470 2958 capite
485 2897 532 2944 ista
545 2897 618 2959 (vers.
669 2897 736 2942 tiano
751 2903 806 2956 post
821 2911 873 2959 esp.
890 2901 926 2956 14,
941 2913 1012 2946 canan
1026 2903 1064 2950 28.
1075 2907 1194 2962 quoestl.

93 2971 121 3032 5)
136 2973 243 3017 ἕκαστος
258 2971 284 3017 ἐν
302 2973 340 3030 τῷ
357 2972 409 3032 ἰδίῳ
428 2971 466 3018 νοῒ
486 2971 607 3031 clupeo
557 2977 621 3031 οοιφ
670 2971 726 3019 Non
736 2972 808 3031 longe
823 2972 878 3019 hinc
891 2975 943 3093 ab?
958 2975 1017 3021 lllud
1032 2977 1156 3024 Plutarchi
1169 2980 1197 3027 ln

92 3043 193 3105 ριὶσθω·
207 3043 556 3104 unusquisquemicemunibi
570 3058 621 3090 cer
674 3045 832 3093 Timoleonte:
855 3048 922 3093 dero
1010 3067 1086 3106 ντην
1099 3053 1196 3114 ράξι

93 3124 132 3166 trra
147 3120 185 3166 eit.
224 3118 257 3164 Et
277 3119 346 3177 (vers.
364 3118 403 3176 22)
420 3117 539 3177 μακάριοι
557 3119 571 3165 ὃ
588 3119 622 3177 μιί
671 3121 735 3167 εἶναι
746 3119 849 3172 ιιιιλιίνιι
851 3121 925 3168 aldus
923 3066 984 3169 (adira
982 3067 1107 3183 :mdadhb
1104 3128 1182 3183 uvir,

94 3195 184 3253 κρίνων
200 3192 291 3239 haurds
309 3193 335 3240 dv
351 3192 370 3254 ᾧ
385 3192 526 3252 δοκιμάζει·
541 3195 622 3241 beatus
671 3196 747 3256 δόξαν
763 3195 1021 3256 ἀφ’ἦιτιίρττετοι
1038 3200 1140 3262 μόνιμον
1154 3206 1196 3252 καὶ

94 3266 142 3327 ille,
152 3268 202 3330 qui,
213 3267 389 3329 quodproesert,
399 3266 423 3312 ιἰι
433 3281 460 3315 eo
469 3268 508 3313 eui
522 3267 622 3315 ἆαιιιιιο·
670 3269 868 3331 ἀμετάπτωτον,
877 3272 918 3317 ἵνα
927 3273 1083 3336 πράττωμεν
1095 3279 1197 3338 δοκιμά-

659 3401 811 3408 --—..—..

94 3484 254 3540 sometimes
270 3488 301 3539 to
321 3483 370 3539 tha
384 3501 446 3551 one,
461 3485 517 3540 and
529 3487 689 3543 sometimes
705 3493 735 3542 to
746 3483 796 3542 the
807 3487 905 3544 other:
928 3487 1043 3547 whence
1057 3507 1093 3546 an
1105 3494 1195 3549 ambi·

94 3570 174 3642 guity
188 3570 268 3625 osten
288 3570 368 3626 takes
385 3572 475 3644 place,
489 3572 547 3629 like
561 3573 680 3644 twilight
693 3573 820 3629 between
837 3574 893 3646 day
908 3575 963 3630 and
981 3576 1069 3648 night,
1084 3594 1117 3633 or
1131 3580 1196 3635 cold

95 3664 181 3711 water
201 3656 349 3728 gradually
367 3656 492 3714 hosted..
523 3659 589 3713 And
610 3658 666 3714 this
686 3660 709 3714 ia
728 3658 803 3715 what
816 3660 951 3716 Aristotle
965 3679 1036 3734 says,
1050 3663 1113 3718 that
1131 3666 1155 3721 it
1171 3667 1197 3720 is

96 3741 175 3796 often
189 3742 305 3797 difficult
321 3750 351 3798 to
365 3743 464 3800 decide
478 3745 569 3800 which
589 3746 624 3802 oi
638 3750 693 3800 two
711 3745 805 3818 things
819 3746 843 3801 is
858 3752 889 3801 to
902 3746 939 3802 ba
956 3748 1116 3820 preferred:
1136 3751 1194 3806 and

96 3842 127 3881 ac
142 3826 316 3882 Andronicus
327 3828 463 3885 Rhodius.

150 3911 189 3965 11.
228 3917 242 3965 1
266 3913 300 3965 In
319 3913 368 3969 the
382 3915 443 3971 hist
459 3917 548 3988 place,
567 3915 662 3972 thiais
681 3917 787 3971 certain
803 3913 844 3988 [aa
862 3920 974 3992 apoint
994 3919 1028 3974 oi
1044 3918 1198 3992 morality],

97 3994 161 4051 that
174 3994 201 4048 if
210 3996 347 4068 anything
360 3998 396 4053 be
407 4002 467 4069 just
481 4003 511 4055 in
525 4003 610 4068 itself,
620 4010 668 4074 yet
683 4003 708 4056 if
721 4004 743 4056 it
753 4003 789 4058 be
802 4005 876 4059 done
887 4005 925 4076 by
939 4004 998 4057 him
1009 4004 1081 4068 who,
1093 4005 1198 4078 haring

98 4080 283 4154 deliberately
296 4083 430 4153 wcighed,
445 4085 540 4141 thinks
560 4089 583 4143 it
598 4090 700 4158 unjust,
715 4088 764 4143 the
779 4096 825 4144 aot
842 4091 865 4145 is
879 4091 1001 4144 ricinus:
1023 4107 1053 4144 aa
1073 4092 1106 4144 St
1124 4092 1198 4146 Paul

98 4183 169 4238 says,
184 4165 247 4221 that
258 4166 429 4224 whatsoewcr
440 4171 464 4225 is
477 4178 528 4226 not
543 4173 576 4226 oi
588 4173 659 4228 saith
672 4175 695 4228 is
710 4174 768 4240 airu
783 4175 813 4228 in
824 4174 915 4229 which
928 4174 1008 4246 place
1016 4175 1096 4247 saith
1111 4177 1197 4247 signi-

97 4253 148 4308 fies
163 4251 213 4307 the
223 4252 373 4324 jndgment
384 4254 419 4309 of
428 4254 479 4311 the
490 4257 568 4312 mind
580 4261 749 4331 concoming
762 4259 811 4314 the
826 4267 878 4315 act
907 4261 965 4313 For
977 4259 1040 4313 (iod
1052 4260 1102 4316 has
1114 4264 1198 4331 given

99 4355 132 4393 us
144 4337 193 4393 the
207 4355 301 4410 power
319 4339 353 4393 of
366 4341 494 4413 Jndging,
512 4358 543 4397 as
557 4343 607 4398 the
620 4346 705 4416 guido
720 4346 754 4400 oi
768 4345 874 4400 human
891 4345 999 4400 actions
1008 4365 1016 4410 ;
1034 4348 1090 4401 and
1106 4347 1131 4400 if
1142 4347 1200 4404 this

99 4424 136 4482 be
148 4424 286 4496 despised,
300 4424 350 4482 tha
362 4427 440 4482 mind
453 4428 477 4483 is
488 4427 629 4486 brutifled
