2834 4920
121 253 191 311 on.
204 245 303 322 xm]
444 249 497 305 uu
519 250 618 306 :unu
642 248 894 309 surunnunm.
1159 243 1224 314 227

121 441 190 486 rein
204 417 420 484 indulserant.
468 418 560 496 Quia
577 416 663 482 enim
679 438 702 480 a
718 418 846 483 νοιίοιιο
862 418 1005 482 alienam
1022 429 1077 494 eat,
1093 431 1223 486 naturae

120 521 272 584 bumana
288 537 418 581 arcana
428 527 505 601 poet
520 527 653 581 mntem
667 517 815 582 omnibus
829 519 1002 602 ooncpimoa
1014 521 1139 603 aponi,
1156 542 1223 586 mo-

120 640 189 684 rem
204 618 281 682 inda
301 617 346 681 ab
367 617 503 701 antiquo
519 617 702 700 accepimus
721 617 867 681 bumana
883 639 1022 701 empore
1038 619 1220 702 sepeliendi,

119 729 158 783 nt
172 727 372 782 monumento
388 716 521 779 condita
537 714 624 779 οἱαιιι
640 725 670 779 οι
678 716 800 799 procul
811 738 834 780 a
849 729 1017 799 eorwpeetu
1034 718 1221 784 tabescant:

119 838 182 902 quo
199 822 232 881 et
248 813 326 879 illud
342 811 479 901 pertinet
496 812 643 899 Gregorii
655 814 686 877 N
687 812 793 900 ysaeni
809 813 842 878 in
856 813 987 900 epistola
1002 815 1043 879 ad
1057 816 1221 885 Letoium:

120 910 160 989 oio
175 912 218 996 nri
236 907 463 1006 ἀναδειχθῆναι
479 914 530 1001 τῷ
547 907 627 1000 ἡλίῳ
649 904 726 992 1’τὴν
743 907 976 1006 ἀσχημοσύνην
991 917 1052 995 τῆς
1076 910 1219 1009 φύσεως,

119 1037 159 1081 aa
173 1015 238 1081 ooli
253 1013 496 1079 ostendeturid
512 1014 598 1097 qaod
604 1014 761 1077 dedecori
776 1025 823 1078 eet
839 1015 990 1079 bumana
1006 1026 1144 1081 natura.

196 1116 217 1178 6
251 1112 334 1177 Hinc
352 1110 502 1196 estquod
525 1108 654 1175 officium
676 1110 854 1197 sepeliendi,
872 1134 935 1177 non
955 1120 1020 1177 tam
1036 1113 1163 1191 homiui,
1186 1114 1221 1181 id

120 1220 179 1288 est,
195 1232 346 1298 persone,
363 1232 457 1296 quam
473 1203 689 1288 lthumanitati,
712 1209 746 1275 id
765 1218 814 1276 est
830 1220 951 1277 naturae
967 1211 1121 1289 humane,
1138 1236 1220 1301 prae-

120 1310 198 1377 atari
213 1309 346 1377 dicitur.
370 1310 454 1374 unde
475 1308 628 1395 publicam
651 1308 732 1374 banc
749 1309 971 1376 humanitatem
993 1310 1141 1378 diuorum
1164 1315 1219 1378 Se·
1230 1334 1374 1417 mesum.

119 1431 197 1476 neca
221 1416 254 1476 et
281 1407 498 1523 Quintilianus,
521 1405 702 1473 tralatitiam
728 1408 1005 1475 Petronianum
1030 1432 1253 1507 consequens
1231 1424 1368 1471 cumanos

119 1517 176 1586 eat,
193 1517 231 1575 ut
244 1529 302 1574 nec
315 1507 444 1573 inimicis
460 1528 518 1573 nec
533 1505 673 1572 hostibus
688 1506 821 1572 invideri
837 1507 998 1595 sepultura
1015 1508 1137 1575 debeat.
1168 1513 1219 1576 De
1232 1517 1332 1565 ΜΨ*
1343 1516 1385 1559 ¹¹⁴

118 1606 248 1673 inimicis
270 1606 400 1695 egregia
423 1615 471 1672 est
491 1605 576 1693 apud
600 1605 784 1690 Sophoclem
807 1606 983 1673 dissertatio
999 1607 1143 1697 ὅ[Πιιιιίι
1161 1632 1219 1699 pro

119 1706 277 1773 humando
293 1706 399 1794 Ajace‚
416 1704 471 1772 ubi
487 1703 571 1771 hoc
562 1713 646 1770 mter
662 1712 786 1778 cetera:

333 1821 472 1886 Manciae,
486 1826 551 1893 post
564 1825 608 1875 tot
623 1820 700 1875 diota
713 1820 863 1891 sapienter,
876 1836 945 1876 cave

332 1908 489 1978 Iujuriosus
503 1907 541 1962 sia
555 1907 585 1959 iu
599 1905 743 1961 bominem
758 1913 909 1965 mortuum.

119 2005 285 2075 Rationem
302 2004 406 2072 reddit
423 2004 590 2092 Euripides
606 2007 792 2090 Antipone:

333 2125 412 2179 Mors
423 2125 582 2195 jurgiorum
595 2123 661 2179 fluis
676 2130 719 2179 eet
733 2124 913 2180 mortalibus:

334 2210 414 2266 Num
428 2211 518 2280 majus
532 2208 610 2265 aliud
624 2208 693 2281 quid
707 2216 801 2281 potest
815 2209 893 2266 letho
908 2209 988 2266 dari?

117 2308 206 2376 ldem
222 2309 434 2395 supplicibus
449 2308 544 2391 (vers.
562 2308 639 2386 528,
657 2309 758 2392 529)=

332 2430 439 2485 Fecere
454 2427 532 2483 vobis
547 2427 639 2499 siquid
652 2426 748 2498 Argivi
763 2427 846 2492 male,

333 2514 482 2578 Cecidere:
503 2514 534 2567 in
547 2512 643 2569 hostes
657 2514 713 2568 ista
726 2511 850 2568 vindicta
865 2515 908 2568 est
922 2512 998 2568 ιοιίι.

118 2616 162 2682 Ει
177 2613 328 2704 Virgilius
344 2614 441 2697 (AEn
459 2633 506 2678 ιιι.
525 2615 621 2698 104):

300 2733 421 2789 Nullum
434 2749 502 2788 cum
516 2733 597 2789 victis
612 2737 755 2789 certamen
772 2740 802 2790 οι
816 2731 922 2789 ethere
936 2733 1029 2789 cassis.

117 2833 220 2911 Quam
236 2830 421 2898 sententiam
437 2830 536 2897 οἰιοιιι
559 2830 692 2917 scriptor
709 2830 750 2896 ad
768 2830 961 2897 Herennium
978 2829 1085 2897 addit:
1110 2827 1221 2897 ⁷Nam

115 2934 200 3017 qnod
213 2933 376 2997 maloram
392 2941 438 2997 οιι
455 2942 639 3008 extremum,
658 2932 782 2997 accidit
798 2931 870 2995 illia
877 2930 961 3014 pano.
1013 2927 1180 3017 Papinius:
1234 2946 1384 2992 :nonnas

507 3047 694 3103 Bellavimus:
716 3054 793 3103 esto:

289 3134 348 3190 Sed
362 3133 490 3190 cocidere
505 3133 579 3198 odia,
593 3140 624 3188 et
638 3134 733 3188 tristes
748 3147 824 3186 mora
839 3129 934 3184 obruit
947 3130 1012 3184 iras.

10 3232 12 3237 ’
115 3232 161 3301 Et
183 3231 314 3300 eandem
336 3252 460 3297 causam
479 3229 584 3296 reddit
607 3230 741 3319 Optatus
762 3226 980 3293 Milevitauus:
1004 3229 1044 3293 Si
1063 3227 1149 3292 inter
1171 3228 1219 3294 oi·

116 3406 477 3471 oamnepmertipnaoren.
485 3405 547 3465 (Lib.
555 3419 578 3453 ι.
585 3404 644 3465 ab)
739 3402 751 3438 Ι
761 3402 923 3459 Humanitati,
933 3402 961 3449 id
969 3406 1003 3448 est
1012 3406 1105 3449 natura
1112 3403 1220 3450 bumana

116 3487 156 3531 lta
166 3498 238 3543 qnam
249 3483 310 3529 nihil
319 3486 406 3529 natura
416 3480 489 3526 simus
503 3483 604 3538 apparet
618 3479 643 3523 iu
689 3479 805 3538 prastaoi
814 3476 913 3535 dicitur]
939 3476 1034 3523 Servius
1048 3478 1079 3524 ad
1095 3491 1132 3524 ιι.
1143 3478 1219 3524 AEne-

114 3563 170 3605 ortu
180 3564 206 3605 et
215 3559 324 3605 interitu.
355 3557 428 3612 Quod
438 3559 466 3601 ut
480 3553 643 3614 significarent
693 3554 763 3600 idos:
781 3553 911 3612 Sepaitmae
927 3552 987 3597 enirn
1003 3552 1136 3611 beneficium
1150 3566 1218 3611 penc-

114 3632 241 3692 Snpientes
257 3631 364 3688 Hebraei,
378 3634 484 3684 vetuere,
498 3641 529 3674 ne
542 3627 642 3687 plebeiae
692 3628 778 3674 naliter
788 3627 882 3672 &betur
891 3627 1013 3682 canicornis,
1026 3627 1070 3685 (sd
1080 3639 1141 3672 vers.
1153 3626 1220 3686 106.)

113 3712 156 3754 ant
171 3720 271 3754 summis
285 3707 390 3752 fortuna
408 3703 450 3764 qni
465 3706 553 3756 οιιιιιι,
569 3701 641 3747 aliua·
737 3700 748 3728 ⁶
763 3701 818 3748 Non
830 3699 983 3761 Ulyaeia,sed
995 3699 1220 3759 circitanum,

113 3782 178 3829 modi
196 3781 277 3829 ιιιοιίι
296 3780 484 3836 involverentur,
504 3779 547 3824 ant
569 3776 642 3821 modo
691 3780 784 3837 aseqq.
815 3775 885 3821 J.B.

113 3856 325 3905 mueutmortul.
736 3846 1011 3894 ⁷anlibiinlibrisad
1018 3846 1163 3895 Hermaion
1172 3849 1218 3894 hoc

114 4053 245 4126 Sopater,
258 4053 388 4125 Gregory
401 4053 522 4123 Nysaea.

168 4143 187 4194 6
207 4139 308 4194 Hence
322 4136 372 4194 the
384 4138 464 4192 office
476 4135 509 4191 oi
520 4133 613 4189 burial
624 4133 648 4189 is
660 4131 811 4189 conceivod
822 4147 852 4186 as
866 4129 1014 4196 rendered,
1025 4137 1077 4186 ιιοι
1090 4146 1122 4187 ιο
1134 4129 1219 4186 much

113 4229 144 4279 to
164 4223 215 4279 the
235 4240 310 4287 man,
330 4222 393 4278 that
411 4223 444 4286 is,
457 4221 507 4275 the
525 4219 679 4291 particular
692 4234 803 4289 person,
822 4233 853 4271 as
870 4222 901 4272 to
922 4216 1087 4289 Ηιιιιιιιιίιι,
1106 4216 1218 4277 thetis,

113 4316 144 4363 to
159 4309 274 4363 Humau
292 4310 411 4364 Nature.
449 4307 487 4359 So
501 4305 609 4359 Seneca
621 4303 676 4359 and
691 4302 846 4366 Quintilian
858 4301 913 4356 call
927 4301 949 4352 it
957 4303 1050 4369 public
1068 4302 1217 4371 lamanity,

112 4394 274 4462 Petronius,
294 4392 465 4469 transferred
481 4391 632 4463 inmanity.
668 4388 735 4444 And
752 4386 845 4442 hence
860 4387 884 4439 it
901 4384 1019 4450 follows,
1041 4385 1105 4441 that
1125 4385 1217 4457 sepul-

1002 4484 1115 4549 15—a
