2834 4920
221 252 262 312 82
579 256 632 310 Du
655 254 957 311 commuuimus,
1194 253 1266 324 [urs.
1279 255 1318 311 Il.

220 422 361 500 ducendi,
379 422 420 489 ad
446 419 659 511 praecidendas
684 419 911 486 controversias
933 419 1076 498 infinitas,
1095 430 1128 487 et
1145 422 1184 487 ob
1201 421 1322 488 incerta

219 545 325 587 rerum
351 523 454 609 pretia
479 523 561 587 inter
584 542 646 597 eos,
664 519 717 606 qui
741 541 932 584 communem
953 519 1090 605 jndicem
1106 542 1168 585 non
1192 521 1319 600 habent,

220 621 460 708 inexplicabiles,
484 643 555 709 quae
581 619 675 686 vitari
698 639 761 683 nou
777 627 923 704 poterant
939 619 966 683 si
982 619 1023 684 ob
1039 617 1282 706 inequalitatem
1300 642 1321 685 a

164 721 320 807 aspectis
354 720 513 787 discedere
544 718 689 784 licuisset.
735 719 819 782 Hae
846 729 892 784 est
917 720 1065 784 emtionis
1088 730 1185 802 atque
1211 722 1321 785 vendi·

101 798 142 871 Ἅι
169 797 207 825 ‘⁸⁶'
223 822 321 886 tionis
346 822 532 885 substantia
557 818 658 902 (aiunt
679 818 898 903 Imperatores,
919 816 1100 882 substantie
1117 817 1240 882 nomine
1257 839 1321 882 mo-

221 941 288 984 rem
305 927 489 1004 perpetuum
507 916 728 1005 significantes)
746 917 831 998 qaod
847 927 948 981 emtor·
963 917 1079 981 viliore
1094 919 1319 1002 comparandi,

221 1020 368 1083 nacitor
390 1020 518 1083 cariore
543 1016 751 1081 distrahendi
775 1026 883 1080 votam
905 1027 1048 1099 gerentes
1072 1017 1120 1080 ad
1143 1017 1229 1080 nune
1250 1037 1322 1081 ecn-

222 1127 364 1181 traetnm
387 1118 556 1193 accedant,
582 1117 699 1200 vicqne
724 1117 816 1199 qpost
841 1114 963 1179 meaa
988 1115 1211 1191 contentiones,
1234 1137 1321 1203 parr-

222 1216 318 1279 latr’m
338 1217 502 1280 venditore
525 1218 565 1280 de
590 1236 625 1279 eo
648 1215 735 1298 qnod
751 1214 895 1296 petierat
912 1213 1107 1289 detrahente,
1128 1225 1245 1278 emtore
1261 1235 1321 1277 ass-

223 1326 284 1378 tem
310 1315 387 1378 isaie
416 1315 503 1399 qaod
529 1314 691 1378 obteneat
720 1312 867 1386 addente,
899 1312 947 1375 ad
971 1322 1094 1376 certam
1119 1313 1321 1377 consentiant

55 1424 200 1509 &taeter
217 1414 373 1497 pretinm.
436 1412 555 1477 Seneca
586 1410 632 1476 ait
662 1406 722 1473 hoc
750 1408 803 1494 jus
834 1406 1022 1493 respiciens:
1064 1410 1154 1489 Quid
1189 1411 1321 1475 interest

222 1513 340 1596 quanti
368 1512 444 1586 sint,
475 1532 548 1575 cnm
577 1511 617 1574 de
642 1510 752 1594 pretio
783 1509 869 1572 inter
900 1519 1049 1572 ementem
1078 1519 1109 1572 et
1140 1509 1321 1573 uendentem

223 1609 433 1675 consereret?
499 1608 600 1674 Nihil
618 1607 782 1673 venditori
807 1607 898 1671 debet
926 1607 984 1692 qni
1007 1607 1081 1672 berre
1109 1609 1195 1672 emit.
1256 1607 1322 1671 An·

57 1722 129 1762 Nic-v
129 1724 161 1761 -t
223 1707 369 1773 dronicus
391 1707 535 1773 Rhodius
557 1728 649 1772 sensu
672 1705 801 1771 eodemt
836 1702 879 1772 ‘rd
903 1700 975 1796 ’γὰρ
1001 1699 1037 1771 e'r·
1064 1706 1133 1776 τοῖς
1162 1700 1320 1777 ἑκουσίοις

222 1802 484 1895 συναλλάγμασι
525 1798 711 1926 ns'pdos‘
675 1832 754 1873 cess
790 1796 947 1871 adredr
932 1831 1036 1887 εστιν,
1074 1832 1155 1871 οντα
1195 1800 1321 1872 εὐθύνε-

109 1903 111 1907 ’
224 1934 291 1975 ται.
323 1902 451 1973 τούτων
480 1903 553 1998 *γὰρ
584 1896 640 1971 dds
624 1932 691 1973 esav
719 1894 873 1971 ederacee
899 1897 1003 1978 νόμος·
1053 1904 1210 1979 Limum,
1235 1906 1320 1986 qaod

223 2002 404 2070 inclamare
425 2006 683 2070 contrahentium
703 2003 900 2120 percipitur,
923 2024 981 2068 nee
1005 2003 1161 2086 injustum
1183 2014 1238 2077 est,
1264 2023 1321 2068 nec

222 2106 409 2188 corripitur.
456 2105 543 2188 Ejm
567 2105 653 2168 enim
674 2105 724 2168 rei
743 2102 910 2167 licentiam
934 2101 985 2167 lea
1004 2103 1183 2167 cmrcesssit.

54 2216 188 2265 smarnos
296 2205 319 2266 4
354 2204 395 2280 ls,
413 2223 507 2289 quem
522 2201 657 2267 indicavi
674 2199 766 2287 paulo
783 2207 866 2275 anter,
884 2198 1019 2286 scriptor
1035 2199 1108 2266 vitae
1126 2198 1247 2277 Isidori,
1264 2198 1320 2264 mi-

55 2264 155 2356 miz
221 2300 306 2365 noris
331 2301 417 2388 justo
449 2322 562 2377 emere,
592 2307 647 2365 aut
675 2297 773 2386 pluris
802 2297 948 2375 vendere,
978 2306 1071 2364 vocat
1100 2289 1273 2366 ἀδικίαν
1257 2295 1321 2365 ond

220 2429 281 2482 μεν
308 2429 369 2468 Tov
401 2430 497 2481 venor)
526 2393 718 2495 αφέῑμὲνην,
752 2424 794 2464 ΤΟ
831 2389 866 2464 δὲ
898 2388 1068 2465 δίκαιον
1048 2394 1320 2490 ανατρέπθυσαν

219 2501 420 2583 injustitiam
449 2523 473 2564 a
501 2501 566 2584 lece
596 2500 726 2584 quidem
750 2498 958 2582 permissam,
991 2498 1048 2562 sed
1076 2519 1147 2583 qua
1176 2519 1212 2562 re
1245 2499 1323 2582 ipsa

213 2599 340 2681 jrestrrm
355 2609 535 2684 pervertat.

220 2769 278 2816 ciosi
288 2768 385 2829 querela
395 2769 539 2816 instituitur.
549 2768 566 2814 l.
579 2768 615 2817 19.
630 2771 715 2814 mster.
726 2768 743 2814 l.
795 2765 864 2813 irrrde
877 2768 1017 2826 peremisset
1031 2767 1066 2814 ad
1077 2766 1141 2826 iusti
1152 2769 1227 2828 pretii
1239 2769 1323 2828 finem,

221 2859 276 2890 nam
293 2845 347 2891 etsi.
366 2846 404 2892 16.
419 2845 437 2891 l.
452 2845 522 2891 cuca.
532 2846 569 2890 24.
587 2844 620 2891 D.
638 2843 745 2904 delnoffi
795 2843 876 2902 neque
885 2842 953 2902 apud
961 2843 1161 2904 antiquasprima
1170 2843 1265 2903 syllaba
1275 2859 1323 2904 per

224 2918 361 2965 Testament.
373 2918 456 2965 addita
464 2918 482 2964 1.
494 2932 548 2964 eum
559 2919 652 2965 duobus
666 2921 702 2964 13.
715 2918 744 2967 C.
800 2917 827 2965 U
834 2918 928 2964 literam
937 2918 1090 2966 scribebatur.
1107 2919 1269 2974 Quintilianus
1280 2920 1323 2965 de·

220 2993 303 3038 eodem
315 2993 395 3040 titulo,
796 2988 939 3036 clamatione
948 3003 993 3050 pro
1001 2990 1107 3041 civibus:
1121 2991 1163 3037 diu
1173 2993 1324 3039 condonans

264 3067 351 3114 sPost
364 3067 451 3114 multas
465 3066 629 3127 concretiones]
645 3066 746 3113 Festus:
796 3063 1116 3124 eet.(Decl.x11.pag.218.
1141 3065 1322 3127 Edolreelt.)

222 3138 335 3185 Coeiones
353 3137 412 3184 dieti
431 3138 540 3183 videntur·
558 3152 575 3184 a
595 3137 748 3195 mactatione,
841 3139 1324 3201 ⁷v0rrenuumerse:quodinconrrae.

219 3214 284 3272 qnod
298 3214 324 3259 r'n
338 3212 439 3258 ersendis
451 3210 621 3272 crasseque
634 3211 748 3257 mercibus
798 3211 1073 3270 macomariam.
1102 3213 1130 3262 J.
1140 3213 1173 3263 B.

219 3456 342 3520 evident,
363 3455 394 3510 in
413 3454 497 3510 ordor
515 3462 546 3512 to
566 3457 678 3512 obviate
692 3458 803 3513 Infinita
823 3456 1034 3520 controversics,
1052 3454 1143 3510 which
1166 3455 1249 3510 could
1268 3462 1319 3511 not

219 3541 290 3595 have
316 3541 389 3596 beon
411 3546 462 3613 put
483 3557 521 3595 on
539 3542 616 3597 clear
636 3543 759 3612 grounds
781 3543 812 3596 in
835 3557 1027 3612 consequence
1048 3542 1081 3595 of
1099 3541 1149 3596 the
1173 3543 1320 3596 uncertain

218 3628 309 3698 prices
324 3626 357 3680 of
368 3626 462 3698 things
476 3643 579 3698 among
593 3626 674 3682 those
689 3626 751 3682 who
765 3627 837 3682 have
851 3643 889 3683 no
901 3643 1032 3682 common
1043 3626 1139 3697 Judge,
1160 3626 1215 3679 and
1230 3625 1321 3681 which

218 3711 311 3766 would
324 3712 397 3766 hare
411 3713 546 3768 occurred
560 3713 586 3766 if
604 3714 627 3767 it
640 3711 698 3766 had
711 3713 785 3768 been
799 3712 940 3768 reckoued
955 3711 1052 3767 lavini
1072 3717 1103 3767 to
1124 3711 1225 3782 depart
1245 3711 1322 3766 irom

217 3804 297 3866 pects
316 3813 354 3851 on
368 3803 487 3852 account
501 3799 535 3852 of
554 3799 603 3852 the
623 3798 777 3870 inequality
798 3799 832 3853 of
845 3798 1011 3853 conditione.
1059 3798 1097 3852 So
1117 3795 1168 3850 the
1188 3796 1322 3867 Imperial

217 3883 298 3936 Laws
309 3884 454 3953 recognize
462 3883 574 3955 BuyIng
585 3883 640 3938 and
651 3883 759 3955 Selling
770 3901 801 3939 as
814 3884 899 3955 beIng
910 3882 959 3938 the
971 3883 1059 3937 result
1069 3883 1102 3937 oi
1110 3882 1177 3952 long
1188 3880 1322 3953 haggling

217 3968 274 4021 and
288 3967 355 4020 final
370 3975 541 4039 agreement.
587 3970 625 4023 So
641 3969 757 4034 Senem
774 3969 831 4024 and
845 3969 1021 4023 Andronicus
1035 3967 1171 4022 Rhodius.

275 4059 293 4106 4
317 4053 378 4109 The
397 4055 492 4109 writer
510 4053 544 4108 of
564 4053 613 4108 the
635 4055 686 4109 life
704 4054 739 4109 of
756 4055 865 4111 Isidore
886 4054 954 4110 calls
973 4052 1037 4118 thh,
1058 4053 1188 4123 injustice
1204 4052 1320 4109 allowed

218 4137 257 4210 by
271 4139 333 4193 law.
